market,code,active1,price,last_close,open,high,low,servertime,reversed_bytes0,reversed_bytes1,vol,cur_vol,amount,s_vol,b_vol,reversed_bytes2,reversed_bytes3,bid1,ask1,bid_vol1,ask_vol1,bid2,ask2,bid_vol2,ask_vol2,bid3,ask3,bid_vol3,ask_vol3,bid4,ask4,bid_vol4,ask_vol4,bid5,ask5,bid_vol5,ask_vol5,reversed_bytes4,reversed_bytes5,reversed_bytes6,reversed_bytes7,reversed_bytes8,reversed_bytes9,active2,liutongguben,province,industry,updated_date,ipo_date,zongguben,guojiagu,faqirenfarengu,farengu,bgu,hgu,zhigonggu,zongzichan,liudongzichan,gudingzichan,wuxingzichan,gudongrenshu,liudongfuzhai,changqifuzhai,zibengongjijin,jingzichan,zhuyingshouru,zhuyinglirun,yingshouzhangkuan,yingyelirun,touzishouyu,jingyingxianjinliu,zongxianjinliu,cunhuo,lirunzonghe,shuihoulirun,jinglirun,weifenpeilirun,meigujingzichan,baoliu2,liutongguben_raw,liutongguben_factor,流通盘,circulating,turnover_low_ratio,turnover_low_ok,ma20_support_ok,ma20_oscillation_ok
0,000007,182,12.37,12.3,12.31,12.48,12.2,9:39:21.384,9393564,-1237,14834,6,18320254.0,7655,7179,0,3853,12.36,12.37,32,13,12.35,12.38,26,173,12.34,12.39,720,52,12.33,12.4,9,113,12.32,12.41,11,627,"(13,)",0,0,0,0,-0.07,182,346448007.8125,18,10,20251031,19920413,346448007.8125,20700000.0,31760900.87890625,1542256875.0,0.0,0.0,99.99999776482582,3705430937.5,2598828906.25,435443007.8125,945999.9847412109,12551.0,1599967031.25,144065000.0,1570240937.5,1826725937.5,2998466875.0,2659123125.0,550212031.25,28079001.46484375,1138000.0305175781,2837065937.5,-257132011.71875,549862968.75,35642998.046875,24640000.0,34179001.46484375,-3279330937.5,0.5270000100135803,9.0,346448007.8125,1,4285561856.6406245,4285561856.6406245,1.0,True,True,True
0,000010,239,3.65,3.62,3.62,3.66,3.54,9:39:26.616,9394436,-365,75616,34,27299312.0,35344,40272,0,36247,3.64,3.65,1109,1260,3.63,3.66,429,1341,3.62,3.67,120,573,3.61,3.68,394,1069,3.6,3.69,1392,1837,"(12,)",0,0,0,0,0.83,239,848033437.5,18,21,20251216,19951027,1149652265.625,14480000.0,-594307617.1875,3538041250.0,0.0,0.0,-299.99999329447746,27194105000.0,21016562500.0,54823999.0234375,17625999.755859375,34767.0,23266005000.0,447741015.625,21103560000.0,3264786875.0,4246812812.5,3909369062.5,15298285000.0,-222531015.625,-7787999.8779296875,-411815000.0,-549964023.4375,1034025000.0,-271158007.8125,-305187011.71875,-319038984.375,-28424925000.0,0.2840000092983246,9.0,848033437.5,1,3095322046.875,3095322046.875,0.85,True,True,True
0,000011,169,9.23,9.28,9.27,9.27,9.15,9:39:23.268,9393878,-923,11915,26,10979164.0,5357,6558,-1,3226,9.23,9.24,49,58,9.22,9.25,37,407,9.21,9.26,45,105,9.2,9.27,35,72,9.19,9.28,14,113,"(13,)",0,0,0,0,0.76,169,526475507.8125,18,11,20251030,19920330,595979101.5625,20700000.0,35810200.1953125,13178067500.0,67605200.1953125,0.0,500.0000074505806,153041960000.0,142511010000.0,427474023.4375,3370000.0,37276.0,46318395000.0,-1376573125.0,804880000.0,33937560000.0,17157720000.0,12862247500.0,6030171875.0,360598007.8125,7345000.0,-23751710000.0,3675944062.5,108231440000.0,480114023.4375,260592988.28125,322211015.625,25949710000.0,5.693999767303467,9.0,526475507.8125,1,4859368937.109375,4859368937.109375,1.0,True,True,True
0,000014,266,15.04,14.53,15.74,15.74,14.9,9:39:19.782,9393297,-1504,167865,392,255997008.0,87880,79985,1,575092,15.01,15.04,14,29,15.0,15.05,1197,33,14.99,15.06,69,11,14.98,15.08,49,111,14.97,15.09,90,73,"(1358,)",0,0,0,0,-0.32,266,242046191.40625,18,11,20251031,19920602,242046191.40625,20700000.0,468801601.5625,3251224687.5,0.0,0.0,-1299.9999523162842,23184745000.0,19459697500.0,176026992.1875,0.0,26220.0,6582171875.0,515870000.0,99692001.953125,15913248750.0,208587988.28125,163787001.953125,55407001.953125,-406851992.1875,0.0,575149023.4375,539035000.0,13983501250.0,-407065000.0,-324804003.90625,-322223007.8125,10506477500.0,6.574999809265137,9.0,242046191.40625,1,3640374718.75,3640374718.75,0.85,True,True,True
0,000019,171,7.1,7.16,7.16,7.17,7.09,9:39:24.546,9394091,-710,12091,12,8595477.0,8437,3654,0,730,7.09,7.1,1960,16,7.08,7.11,951,929,7.07,7.12,429,91,7.06,7.13,541,66,7.05,7.14,466,291,"(12,)",0,0,0,0,0.0,171,416216406.25,18,17,20260202,19921012,1152535234.375,15510000.0,2442543437.5,38018845000.0,51749301.7578125,0.0,2099.9999344348907,70118570000.0,40553400000.0,19740806250.0,4393831875.0,43016.0,18876087500.0,16100999.755859375,12719082500.0,49891070000.0,39184755000.0,32557362500.0,1590882031.25,3056041875.0,-20161999.51171875,12651572500.0,320012011.71875,35200365000.0,3065269062.5,2434335000.0,2435265000.0,19486150000.0,4.328999996185303,9.0,416216406.25,1,2955136484.375,2955136484.375,0.9,True,True,True
0,000020,145,15.33,15.3,15.27,15.46,15.2,9:39:17.808,9392968,-1533,6082,21,9302394.0,2789,3293,0,1680,15.33,15.34,53,137,15.32,15.38,112,32,15.31,15.39,28,9,15.3,15.4,62,79,15.29,15.41,50,25,"(12,)",0,0,0,0,0.52,145,181165390.625,18,35,20251025,19920428,283161191.40625,12390000.0,142430498.046875,6062678750.0,101995800.78125,0.0,799.9999821186066,7532313125.0,5082980000.0,1613215000.0,328326992.1875,28401.0,3228700937.5,0.0,1465776875.0,4249259062.5,6829502500.0,5992382500.0,2295464062.5,256423007.8125,5545000.0,-446760000.0,-461106015.625,706965000.0,256537988.28125,212668984.375,212668984.375,-822046015.625,1.5010000467300415,9.0,181165390.625,1,2777265438.28125,2777265438.28125,0.9,True,True,True
0,000068,114,3.57,3.56,3.57,3.59,3.55,9:39:26.664,9394444,-357,16925,1,6037344.5,6674,10252,0,1881,3.57,3.58,794,3635,3.56,3.59,411,1835,3.55,3.6,2648,2484,3.54,3.61,2962,1407,3.53,3.62,1842,974,"(5645,)",0,0,0,0,0.28,114,1006671484.375,18,39,20251030,19970611,1006671484.375,15510000.0,-733717187.5,5918214375.0,0.0,0.0,-1000.0000149011612,40219865000.0,14311812500.0,571526992.1875,1144212968.75,38067.0,17086326250.0,3901280000.0,11886831250.0,6079765000.0,5176196250.0,4781256875.0,4205048750.0,-396598007.8125,-725000.0,2500684062.5,-426075000.0,593673007.8125,-899275000.0,-968298046.875,-1000640000.0,-17450876250.0,0.6039999723434448,9.0,1006671484.375,1,3593817199.21875,3593817199.21875,1.0,True,True,True
0,000151,155,13.72,13.72,13.78,13.78,13.65,9:39:18.774,9393129,-1372,4427,21,6071296.0,2512,1915,-1,4354,13.72,13.73,5,2,13.71,13.74,155,122,13.7,13.75,69,51,13.69,13.76,50,83,13.68,13.77,51,25,"(13,)",0,0,0,0,0.37,155,307934707.03125,7,13,20260203,20000906,337370703.125,15510000.0,-1428463750.0,9149068750.0,0.0,0.0,-799.9999821186066,21975712500.0,19033037500.0,741727968.75,265443984.375,26817.0,18864618750.0,-1003874062.5,9930790625.0,3328605000.0,8262118750.0,6859642500.0,2156232031.25,-295691992.1875,274084003.90625,-867405937.5,-541215000.0,1609050937.5,-293066992.1875,-340860000.0,-283750996.09375,-11422436250.0,0.9869999885559082,9.0,307934707.03125,1,4224864180.46875,4224864180.46875,0.9,True,True,True
0,000153,151,6.72,6.73,6.73,6.74,6.7,9:39:24.774,9394129,-672,8402,492,5640711.0,4546,3856,1,1810,6.71,6.72,136,99,6.7,6.73,719,500,6.69,6.74,261,305,6.68,6.75,423,394,6.67,6.76,221,584,"(2572,)",0,0,0,0,0.15,151,458868515.625,24,34,20260110,20000920,464685507.8125,12270000.0,1473028437.5,32614227500.0,0.0,0.0,2199.999988079071,49684010000.0,20919348750.0,11110061250.0,2393592031.25,39078.0,23050822500.0,244270000.0,4581380000.0,21015455000.0,31251460000.0,25781397500.0,11004463750.0,1143336015.625,84765000.0,888135000.0,192407988.28125,5794623750.0,1139499062.5,982150000.0,1002842968.75,10438818125.0,4.521999835968018,9.0,458868515.625,1,3083596425.0,3083596425.0,1.0,True,True,True
0,000404,170,7.2,7.18,7.21,7.21,7.16,9:39:24.486,9394081,-720,6951,2,4995768.0,2909,4042,0,4751,7.19,7.2,157,1195,7.18,7.21,838,743,7.17,7.22,968,696,7.16,7.23,9973,368,7.15,7.24,1330,1017,"(1612,)",0,0,0,0,0.42,170,692719609.375,22,23,20251023,19960619,695996015.625,12340000.0,3759364062.5,96869820000.0,0.0,0.0,5500.00011920929,151571590000.0,115506160000.0,15750201250.0,2046110000.0,30044.0,89338320000.0,13812912500.0,15952551250.0,42522180000.0,93490320000.0,80946260000.0,27403372500.0,6103385000.0,699833984.375,4739920000.0,12938211250.0,13725431250.0,6111013750.0,5252245000.0,3798670000.0,18454576250.0,6.109000205993652,9.0,692719609.375,1,4987581187.5,4987581187.5,1.0,True,True,True
0,000419,160,6.61,6.68,6.67,6.68,6.59,9:39:24.840,9394140,-661,11867,16,7859778.0,6681,5186,0,1708,6.61,6.62,1091,25,6.6,6.63,600,476,6.59,6.64,546,136,6.58,6.65,289,162,6.57,6.66,328,200,"(13,)",0,0,0,0,0.3,160,543582695.3125,21,12,20260115,19960816,543582695.3125,15520000.0,1461816718.75,12834572500.0,0.0,0.0,2300.0000417232513,56931980000.0,25169380000.0,6940940625.0,1927214062.5,25729.0,11140572500.0,3254465000.0,4173943125.0,34974000000.0,13563580000.0,10466496250.0,693097031.25,1615265937.5,764592031.25,2976674062.5,1796407968.75,1916800937.5,1643415000.0,1369124062.5,1244138984.375,14403515000.0,6.434000015258789,9.0,543582695.3125,1,3593081616.015625,3593081616.015625,1.0,True,True,True
0,000421,177,7.06,7.08,7.1,7.1,7.04,9:39:22.770,9393795,-706,11334,4,8005851.0,6353,4981,0,5510,7.06,7.07,354,331,7.05,7.08,575,323,7.04,7.09,1125,475,7.03,7.1,1051,1440,7.02,7.11,1125,1322,"(13,)",0,0,0,0,0.14,177,574296289.0625,26,42,20251028,19960806,574415703.125,13450000.0,-144157802.734375,36379860000.0,0.0,0.0,2000.0000298023224,105708600000.0,48398695000.0,36912897500.0,1069474062.5,31623.0,55550710000.0,11936232500.0,4081243125.0,28097875000.0,59683190000.0,51473180000.0,3359805000.0,2560211875.0,121943007.8125,15770742500.0,-23207001.953125,21868755000.0,2591796093.75,1877730000.0,1159011015.625,16109748750.0,4.892000198364258,9.0,574296289.0625,1,4054531800.78125,4054531800.78125,0.95,True,True,True
0,000428,211,3.9,3.95,3.98,3.98,3.87,9:39:26.466,9394411,-390,46047,21,17985156.0,30119,15928,1,7451,3.89,3.9,4844,1107,3.88,3.91,4311,741,3.87,3.92,1997,648,3.86,3.93,1137,486,3.85,3.94,1386,308,"(12,)",0,0,0,0,0.52,211,1018926015.625,21,10,20251029,19960808,1018926015.625,17610000.0,-1115811406.25,4550696250.0,0.0,0.0,-1500.0000596046448,44984410000.0,9729132500.0,19271801250.0,3271310000.0,46075.0,31213297500.0,-5472375000.0,14520462500.0,13937892500.0,3981031875.0,3441878125.0,472371015.625,-2000064062.5,-103377001.953125,227386015.625,46957001.953125,4695887812.5,-1992322031.25,-1954651875.0,-1562063906.25,-12241890000.0,1.3680000305175781,9.0,1018926015.625,1,3973811460.9375,3973811460.9375,0.8,True,True,True
0,000430,144,7.4,7.49,7.45,7.47,7.39,9:39:24.366,9394061,-740,7759,64,5761004.0,5923,1836,0,872,7.4,7.41,214,174,7.39,7.42,1285,315,7.38,7.43,1683,1,7.37,7.44,838,175,7.36,7.45,1244,92,"(12,)",0,0,0,0,0.0,144,370556484.375,21,10,20251226,19960829,809635390.625,23780000.0,-647250507.8125,3102056875.0,0.0,0.0,-599.9999865889549,20991755000.0,1186190000.0,8871136875.0,4541523125.0,19698.0,8568122500.0,0.0,8522395000.0,2677614062.5,3365975000.0,2735040937.5,81823999.0234375,-132520000.0,22868999.0234375,418876992.1875,59000000.0,37773999.0234375,-133357998.046875,-223963984.375,-223963984.375,-10515551250.0,0.6610000133514404,9.0,370556484.375,1,2742117984.375,2742117984.375,1.0,True,True,True
0,000488,143,2.14,2.12,2.12,2.16,2.12,9:39:27.522,9394587,-214,64793,10,13832587.0,14003,50790,0,25444,2.14,2.15,4375,23559,2.13,2.16,13129,12225,2.12,2.17,13321,2955,2.11,2.18,15381,5115,2.1,2.19,12642,2709,"(13,)",0,0,0,0,-0.46,143,1681387343.75,15,38,20251031,20001120,2941456250.0,12220000.0,-7100985000.0,198247460000.0,706385234.375,528305195.3125,-20499.99952316284,528549760000.0,85279520000.0,297749800000.0,16165218750.0,109647.0,400892040000.0,21475597500.0,52412795000.0,31968895000.0,33478605000.0,54326125000.0,8824521250.0,-65228440000.0,-7154050000.0,7025893125.0,-405815000.0,26830045000.0,-65493170000.0,-64365090000.0,-60078160000.0,-53999990000.0,1.0870000123977661,9.0,1681387343.75,1,3598168915.625,3598168915.625,1.0,True,True,True
0,000504,40,8.81,8.84,8.81,8.85,8.79,9:39:19.920,9393320,-881,2285,20,2011980.0,1352,933,0,1542,8.81,8.82,1,84,8.8,8.83,343,136,8.79,8.84,337,28,8.78,8.85,403,64,8.77,8.86,155,48,"(13,)",0,0,0,0,0.23,40,329117890.625,21,34,20251027,19921208,330023085.9375,22750000.0,-84107597.65625,924170625.0,0.0,0.0,199.99999552965164,8419559375.0,5174368125.0,1484317031.25,623653984.375,12189.0,3643578750.0,1203283984.375,4234728125.0,2423275000.0,834383984.375,305173007.8125,1382132968.75,-24811000.9765625,53103002.9296875,173248007.8125,-447125000.0,462548007.8125,-31110000.0,-31495000.0,52322998.046875,-5457141250.0,0.734000027179718,9.0,329117890.625,1,2899528616.40625,2899528616.40625,1.0,True,True,True
0,000507,142,5.46,5.47,5.5,5.5,5.43,9:39:25.530,9394255,-546,9075,4,4950782.0,5082,3993,0,2596,5.45,5.46,349,611,5.44,5.47,1298,693,5.43,5.48,1258,924,5.42,5.49,1126,448,5.41,5.5,1247,1654,"(12,)",0,0,0,0,0.37,142,902354531.25,12,16,20260202,19930326,919734921.875,16550000.0,2387892187.5,40335870000.0,0.0,0.0,2500.0,202266560000.0,57418140000.0,69174775000.0,13909947500.0,66552.0,43900485000.0,29694100000.0,13712315000.0,62724800000.0,32439140000.0,23354847500.0,13021222500.0,5420471250.0,1528277968.75,6926250000.0,-12811961250.0,2749243125.0,5137523125.0,3937955937.5,2483917031.25,25570240000.0,5.951000213623047,9.0,902354531.25,1,4926855740.625,4926855740.625,1.0,True,True,True
0,000509,113,3.5,3.52,3.52,3.54,3.48,9:39:26.706,9394451,-350,17163,558,6019368.0,8338,8825,0,1746,3.5,3.51,956,2162,3.49,3.52,694,155,3.48,3.53,1264,518,3.47,3.54,589,1234,3.46,3.55,659,1668,"(13,)",0,0,0,0,-0.27,113,1073124765.625,23,35,20260122,19930507,1073127968.75,12390000.0,-123317099.609375,7154946875.0,0.0,0.0,-99.99999776482582,8714050625.0,6069130625.0,1357792031.25,311953007.8125,35000.0,4535873125.0,809075937.5,2507822031.25,1242707031.25,5884425000.0,5588291250.0,1844973125.0,-87219003.90625,0.0,-16149000.244140625,-146022998.046875,1685170000.0,-86327001.953125,-92207001.953125,-98557998.046875,-12156351250.0,0.11599999666213989,9.0,1073124765.625,1,3755936679.6875,3755936679.6875,1.0,True,True,True
0,000514,194,5.22,5.26,5.29,5.34,5.2,9:39:25.674,9394279,-522,21302,7,11170511.0,13310,7992,0,4211,5.22,5.23,18,368,5.21,5.24,1632,1066,5.2,5.25,2404,950,5.19,5.26,1220,1634,5.18,5.27,1274,154,"(13,)",0,0,0,0,0.38,194,843770937.5,25,11,20260119,19930712,843770937.5,20700000.0,-455557812.5,2950316250.0,0.0,0.0,1899.999976158142,72499295000.0,39454885000.0,5755298750.0,996840000.0,50739.0,24339522500.0,2779458125.0,11977821250.0,37923340000.0,1982080000.0,1626945937.5,2423042968.75,1819432031.25,2457876875.0,604072031.25,-28726000.9765625,27342627500.0,1895022031.25,1592417968.75,1613361093.75,15454873750.0,4.494999885559082,9.0,843770937.5,1,4404484293.75,4404484293.75,0.9,True,True,True
0,000518,53,2.59,2.59,2.61,2.61,2.59,9:39:27.252,9394542,-259,4362,213,1133781.875,3286,1076,0,3069,2.59,2.6,1650,3274,2.58,2.61,3058,3237,2.57,2.62,1810,3312,2.56,2.63,2513,2391,2.55,2.64,3626,1515,"(653,)",0,0,0,0,0.0,53,1029535703.125,26,34,20260204,19930908,1029556328.125,12270000.0,-146171601.5625,1559943437.5,0.0,0.0,-99.99999776482582,5091444062.5,3968364062.5,486351992.1875,102902001.953125,59387.0,892163984.375,264620000.0,355726992.1875,3590159062.5,2943740937.5,1948471093.75,742903984.375,-131306005.859375,15474000.244140625,839712031.25,681520000.0,2222590937.5,-140775000.0,-134955000.0,-126972998.046875,-7445830000.0,0.3490000069141388,9.0,1029535703.125,1,2666497471.09375,2666497471.09375,1.0,True,True,True
0,000520,182,4.51,4.57,4.57,4.57,4.51,9:39:26.100,9394350,-451,16619,6,7522835.5,10175,6445,0,1622,4.51,4.52,3452,5145,4.5,4.53,7622,1921,4.49,4.54,813,302,4.48,4.55,1952,772,4.47,4.56,441,383,"(4365,)",0,0,0,0,-0.21,182,1012083437.5,19,8,20260202,19931025,1012083437.5,16550000.0,-220828808.59375,7554985000.0,0.0,0.0,-599.9999865889549,6312420000.0,3285734062.5,2813350937.5,0.0,71642.0,1990855000.0,0.0,19600945000.0,4027560937.5,5485069375.0,5161455000.0,866736015.625,-555248007.8125,0.0,-46137998.046875,761153984.375,101790000.0,-555385976.5625,-556171015.625,-556171015.625,-28177977500.0,0.39800000190734863,9.0,1012083437.5,1,4564496303.125,4564496303.125,1.0,True,True,True
0,000529,144,6.27,6.27,6.29,6.3,6.24,9:39:25.044,9394174,-627,6006,1,3766230.0,2992,3014,0,3862,6.26,6.27,28,151,6.25,6.28,279,492,6.24,6.29,373,213,6.23,6.3,866,479,6.22,6.31,558,900,"(12,)",0,0,0,0,0.16,144,569884414.0625,12,14,20251029,19931118,583790312.5,12130000.0,850940703.125,18820298750.0,0.0,0.0,1199.9999731779099,68169220000.0,27629350000.0,9594186250.0,2192811875.0,34215.0,18487120000.0,457473007.8125,4182455937.5,31694487500.0,16886547500.0,16074051250.0,460062031.25,722822031.25,578685000.0,-1419725000.0,-700045000.0,2821277812.5,806883984.375,681895000.0,671488984.375,14796442500.0,5.428999900817871,9.0,569884414.0625,1,3573175276.1718745,3573175276.1718745,1.0,True,True,True
0,000548,137,5.82,5.83,5.85,5.85,5.8,9:39:25.314,9394219,-582,8509,5,4955562.0,4582,3927,0,2036,5.81,5.82,492,457,5.8,5.83,390,24,5.79,5.84,825,1397,5.78,5.85,805,821,5.77,5.86,122,329,"(12,)",0,0,0,0,0.17,137,499173984.375,21,6,20260202,19931220,499215781.25,16540000.0,917972265.625,5142118125.0,0.0,0.0,1099.9999940395355,24637172500.0,13404381250.0,3326273125.0,1319079062.5,41964.0,3232470000.0,0.0,4782680000.0,20679706250.0,3784762187.5,2084720000.0,299374003.90625,827419062.5,4441000.061035156,-331911015.625,-1358236093.75,5318951875.0,812761015.625,563706992.1875,563706992.1875,9164661250.0,4.142000198364258,9.0,499173984.375,1,2905192589.0625,2905192589.0625,1.0,True,True,True
0,000570,165,6.12,6.09,6.09,6.15,6.07,9:39:25.134,9394189,-612,18315,228,11192392.0,9856,8459,0,914,6.11,6.12,549,524,6.1,6.13,1707,440,6.09,6.14,367,786,6.08,6.15,1724,1351,6.07,6.16,416,551,"(12,)",0,0,0,0,-0.15,165,555692500.0,26,26,20260123,19940701,705692500.0,12340000.0,463574414.0625,19579668750.0,150000000.0,0.0,599.9999865889549,53049530000.0,31883220000.0,5633566250.0,1382122031.25,44754.0,15175587500.0,812705000.0,6405096250.0,34368485000.0,20623801250.0,18330623750.0,12977511250.0,629937968.75,89907998.046875,-2149157031.25,-1950152968.75,5196850000.0,630576992.1875,505064023.4375,444887968.75,10210599375.0,4.869999885559082,9.0,555692500.0,1,3400838100.0,3400838100.0,1.0,True,True,True
0,000590,199,12.31,12.28,12.29,12.55,12.2,9:39:21.420,9393570,-1231,13508,273,16673367.0,6790,6718,0,7313,12.29,12.3,57,9,12.28,12.31,21,132,12.27,12.32,113,44,12.26,12.33,22,10,12.25,12.34,93,26,"(12,)",0,0,0,0,-0.72,199,239371406.25,21,34,20251223,19960119,239471308.59375,12270000.0,-284544707.03125,2162311875.0,0.0,0.0,-599.9999865889549,9455893125.0,4312295000.0,2845903750.0,1261262968.75,17617.0,1624625000.0,24270000.0,4740643125.0,5834255000.0,2248157031.25,1198992031.25,32345000.0,-123868007.8125,922999.9542236328,331316992.1875,-195907988.28125,1149050937.5,-127360996.09375,-150629003.90625,-148206005.859375,-1760085000.0,2.436000108718872,9.0,239371406.25,1,2946662010.9375,2946662010.9375,1.0,True,True,True
0,000605,161,7.26,7.29,7.29,7.31,7.26,9:39:20.850,9393475,-726,3916,1,2851627.0,2523,1393,0,3069,7.27,7.28,242,436,7.26,7.29,183,214,7.25,7.3,163,178,7.24,7.31,166,605,7.23,7.32,135,2507,"(13,)",0,0,0,0,-0.26,161,352658593.75,7,42,20251028,19960913,352658593.75,13460000.0,120922197.265625,12028471250.0,0.0,0.0,399.9999910593033,78877555000.0,21857105000.0,21960642500.0,6841390000.0,23196.0,30021340000.0,5443911250.0,10891757500.0,21304867500.0,11354967500.0,8815550000.0,10291092500.0,286913984.375,261716992.1875,262385000.0,-1768050937.5,785486015.625,278045996.09375,166018984.375,132015000.0,6154301250.0,6.040999889373779,9.0,352658593.75,1,2560301390.625,2560301390.625,1.0,True,True,True
0,000619,178,6.63,6.61,6.67,6.68,6.58,9:39:24.828,9394138,-663,14362,44,9503587.0,6173,8189,0,3702,6.62,6.63,170,19,6.61,6.64,167,117,6.6,6.65,255,276,6.59,6.66,169,201,6.58,6.67,313,785,"(13,)",0,0,0,0,0.61,178,360000000.0,24,21,20251029,19961023,441168789.0625,12290000.0,-264124609.375,40876247500.0,0.0,0.0,-900.0000357627869,53623230000.0,31845960000.0,16498320000.0,3759985000.0,26369.0,20951223750.0,4019839062.5,8580446250.0,25502205000.0,36553747500.0,33331900000.0,10583921250.0,-329360000.0,27317998.046875,1733332031.25,371460000.0,9575175000.0,-320984003.90625,-367381015.625,-383481015.625,9950968125.0,5.781000137329102,9.0,360000000.0,1,2386800000.0,2386800000.0,1.0,True,True,True
0,000635,146,10.18,10.22,10.23,10.26,10.08,9:39:22.698,9393783,-1018,5357,6,5435431.0,3328,2029,0,1207,10.18,10.19,4,35,10.17,10.2,17,11,10.16,10.21,45,45,10.15,10.22,26,10,10.14,10.23,71,172,"(14,)",0,0,0,0,0.99,146,303087597.65625,14,19,20260203,19961120,394133593.75,12260000.0,-2579159062.5,13759887500.0,0.0,0.0,-7900.000214576721,29931522500.0,7968965625.0,19440615000.0,604281992.1875,20348.0,12829900000.0,0.0,24680805000.0,15433193750.0,12800352500.0,14251660000.0,435480000.0,-2443189062.5,1031000.0610351562,-3055826875.0,4333207812.5,945369062.5,-2407000000.0,-2474253906.25,-2474253906.25,-14513476250.0,3.9159998893737793,9.0,303087597.65625,1,3085431744.140625,3085431744.140625,1.0,True,True,True
0,000669,148,3.23,3.08,3.23,3.23,3.23,9:39:26.868,9394478,-323,41002,1,13243775.0,32193,8809,0,56909,3.23,0.0,369447,0,3.22,0.0,151,0,3.21,0.0,105,0,3.2,0.0,30,0,3.19,0.0,35,0,"(2573,)",0,0,0,0,0.0,148,680408828.125,21,42,20251031,19961210,680408828.125,13450000.0,-951792500.0,9518528750.0,0.0,0.0,-700.0000029802322,24016830000.0,2153257031.25,15465498750.0,2718099062.5,15232.0,15753930000.0,912153046.875,16183915000.0,-111008994.140625,9101368750.0,8371255000.0,260312988.28125,-361970000.0,46335996.09375,729416015.625,9487999.877929688,157637998.046875,-523365000.0,-634956015.625,-462308007.8125,-24247280000.0,-0.01600000075995922,9.0,680408828.125,1,2197720514.84375,2197720514.84375,1.0,True,True,True
0,000679,126,7.38,7.43,7.41,7.43,7.36,9:39:24.378,9394063,-738,3048,62,2251479.0,2128,920,0,1215,7.38,7.39,16,300,7.37,7.4,234,227,7.36,7.41,531,196,7.35,7.42,362,93,7.34,7.43,431,220,"(13,)",0,0,0,0,0.14,126,356400000.0,5,12,20251031,19970124,356400000.0,15520000.0,-413423398.4375,1245939531.25,0.0,0.0,-1599.9999642372131,9752015000.0,3160435937.5,1664942031.25,1177082968.75,19099.0,8579586250.0,-863662031.25,688272031.25,1974003906.25,2585551875.0,2123126875.0,445540000.0,-540981015.625,0.0,-1723525000.0,-146253007.8125,625247031.25,-666986015.625,-667041015.625,-571000000.0,-4261390000.0,0.5540000200271606,9.0,356400000.0,1,2630232000.0,2630232000.0,1.0,True,True,True
0,000692,152,3.89,3.89,3.89,3.9,3.85,9:39:26.472,9394412,-389,13641,1668,5288509.0,6126,7515,-1,1856,3.88,3.89,406,3073,3.87,3.9,623,1742,3.86,3.91,704,2112,3.85,3.92,2261,2986,3.84,3.93,540,1811,"(13,)",0,0,0,0,0.78,152,532833007.8125,5,42,20251029,19970227,532833007.8125,13440000.0,-4547060937.5,12285098750.0,0.0,0.0,-5899.999737739563,52740245000.0,17181950000.0,33730272500.0,622387968.75,25597.0,41276672500.0,-751445000.0,18497106250.0,-1291211015.625,12236076250.0,14280055000.0,5519440000.0,-4135942187.5,0.0,-4841771875.0,-1151467968.75,4120878125.0,-4144892187.5,-4193395000.0,-3166288125.0,-26898520000.0,-0.24199999868869781,9.0,532833007.8125,1,2072720400.390625,2072720400.390625,0.9,True,True,True
0,000698,88,3.87,3.87,3.88,3.9,3.87,9:39:26.484,9394414,-387,5897,56,2290347.0,2614,3283,0,1114,3.87,3.88,4368,777,3.86,3.89,2228,2018,3.85,3.9,2648,1963,3.84,3.91,1052,2724,3.83,3.92,996,1504,"(13,)",0,0,0,0,-0.25,88,785714375.0,5,5,20251025,19970220,819514375.0,12260000.0,-1870128125.0,36056097500.0,0.0,0.0,1099.9999940395355,52001385000.0,22157637500.0,22702210000.0,5250166250.0,46492.0,31239080000.0,0.0,13371190000.0,14773331250.0,40025922500.0,36989337500.0,1983515000.0,873365000.0,0.0,4590487187.5,4081655937.5,3168170000.0,1029903046.875,888971953.125,888971953.125,-10643800000.0,1.8029999732971191,9.0,785714375.0,1,3040714631.25,3040714631.25,1.0,True,True,True
0,000701,177,6.34,6.38,6.39,6.4,6.33,9:39:25.002,9394167,-634,19821,8,12587943.0,13121,6700,0,288,6.34,6.35,1352,114,6.33,6.36,270,2218,6.32,6.37,322,163,6.31,6.38,346,464,6.3,6.39,705,743,"(13,)",0,0,0,0,-0.15,177,667746562.5,20,13,20260110,19970226,668313125.0,15510000.0,-1417887968.75,342857520000.0,0.0,0.0,-1299.9999523162842,171584120000.0,119116310000.0,8931503125.0,1390094062.5,48340.0,108979510000.0,8413161250.0,26509045000.0,24938627500.0,269210100000.0,262050520000.0,23859255000.0,588610976.5625,2174831093.75,-14350176250.0,4002226875.0,25569815000.0,595808007.8125,306282011.71875,66375000.0,-40088840000.0,-0.7490000128746033,9.0,667746562.5,1,4233513206.25,4233513206.25,0.9,True,True,True
0,000702,160,7.15,7.2,7.2,7.2,7.13,9:39:22.716,9393786,-715,5868,29,4198995.5,3468,2401,0,3096,7.15,7.16,98,170,7.14,7.18,1045,220,7.13,7.19,249,46,7.12,7.2,968,926,7.11,7.21,322,1381,"(5389,)",0,0,0,0,0.0,160,266634609.375,21,17,20251028,19970318,346625000.0,12130000.0,-222408808.59375,7847202500.0,0.0,0.0,-299.99999329447746,5055842187.5,2194817031.25,1261951953.125,59396000.9765625,31981.0,2025075000.0,-587312968.75,4365423125.0,3520348750.0,7968913125.0,7408031250.0,798817031.25,-101769003.90625,1779000.0915527344,-361137968.75,-2281807968.75,864192031.25,-99528994.140625,-101607001.953125,-104797998.046875,-4844605937.5,1.0160000324249268,9.0,266634609.375,1,1906437457.03125,1906437457.03125,1.0,True,True,True
0,000705,155,9.64,9.61,9.6,9.65,9.58,9:39:23.022,9393837,-964,6126,10,5891986.0,3833,2293,0,2074,9.63,9.64,488,50,9.62,9.65,79,204,9.61,9.66,74,294,9.6,9.67,128,354,9.59,9.68,42,622,"(12,)",0,0,0,0,0.1,155,281960703.125,28,12,20251031,19970410,334123281.25,15510000.0,435689414.0625,28516245000.0,0.0,0.0,1700.0000178813934,30307602500.0,14712365000.0,7279580000.0,1004245000.0,35792.0,6772028125.0,0.0,5197368125.0,20174685000.0,17796306250.0,13179162500.0,3187190000.0,669986015.625,333143984.375,300290000.0,-113631992.1875,4989335000.0,651073007.8125,560447031.25,560599023.4375,9790855000.0,6.038000106811523,9.0,281960703.125,1,2718101178.125,2718101178.125,1.0,True,True,True
0,000707,146,6.66,6.68,6.7,6.74,6.62,9:39:23.010,9393835,-666,14605,1,9740317.0,6307,8298,0,1642,6.65,6.66,28,170,6.64,6.67,191,151,6.63,6.68,902,155,6.62,6.69,652,202,6.61,6.7,422,38,"(12,)",0,0,0,0,0.3,146,464145781.25,19,19,20251028,19970415,584717187.5,12260000.0,3394271562.5,20409411250.0,0.0,0.0,-500.0000074505806,56804045000.0,16958636250.0,33870122500.0,4478090000.0,39069.0,12457770000.0,489612031.25,16245026250.0,28474260000.0,15505231250.0,12958372500.0,0.0,668849062.5,19930000.0,-553035000.0,-2880693125.0,1113413984.375,686886015.625,273070996.09375,-262345996.09375,3704862812.5,4.869999885559082,9.0,464145781.25,1,3091210903.125,3091210903.125,1.0,True,True,True
0,000713,157,6.81,6.85,6.83,6.85,6.81,9:39:24.720,9394120,-681,15787,20,10762431.0,11245,4543,0,1229,6.81,6.82,2714,1018,6.8,6.83,4500,674,6.79,6.84,1629,1002,6.78,6.85,2631,1410,6.77,6.86,1213,1210,"(5133,)",0,0,0,0,0.0,157,614015000.0,24,17,20260202,19970422,798219531.25,10050000.0,-710513437.5,17204847500.0,0.0,0.0,-1500.0000596046448,35230580000.0,21051065000.0,5612451250.0,2605852968.75,67378.0,13275597500.0,758927031.25,4471451250.0,19058286250.0,15255948750.0,13858056250.0,2664196250.0,-958367031.25,18307000.732421875,1364962031.25,1204000000.0,9876150000.0,-973710000.0,-977200937.5,-907137968.75,7355656250.0,3.1040000915527344,9.0,614015000.0,1,4181442149.9999995,4181442149.9999995,0.85,True,True,True
0,000715,174,6.44,6.55,6.54,6.54,6.41,9:39:24.942,9394157,-644,23034,57,14870379.0,16556,6479,0,2511,6.44,6.45,1208,584,6.43,6.46,1138,115,6.42,6.47,1306,82,6.41,6.48,1517,168,6.4,6.49,2002,51,"(5453,)",0,0,0,0,0.31,174,538993398.4375,5,12,20260202,19970508,540434609.375,15520000.0,552588007.8125,5663524375.0,0.0,0.0,1299.9999523162842,26964647500.0,10314036250.0,5759896250.0,1546284062.5,20000.0,6180342500.0,12140000.0,590514023.4375,19645668750.0,5619950000.0,2522025000.0,17996999.51171875,909071953.125,8832000.122070312,977455937.5,-365893007.8125,726280000.0,911790000.0,685752968.75,684145000.0,11472210000.0,3.634999990463257,9.0,538993398.4375,1,3471117485.9375,3471117485.9375,0.9,True,True,True
0,000720,214,3.76,3.81,3.8,3.81,3.74,9:39:26.550,9394425,-376,34425,2,12947970.0,23124,11301,1,2721,3.75,3.76,4138,155,3.74,3.77,2592,321,3.73,3.78,2018,263,3.72,3.79,2279,964,3.71,3.8,1798,619,"(12,)",0,0,0,0,0.53,214,1256531562.5,15,8,20260203,19970509,1256531562.5,12380000.0,-430526601.5625,7880308750.0,0.0,0.0,-0.0,52089140000.0,46967310000.0,643498007.8125,73489003.90625,62627.0,19799556250.0,981344062.5,5562276250.0,23577520000.0,10274713125.0,9698168750.0,5915511250.0,-9860000.0,7698999.6337890625,5324845000.0,-356637031.25,35545900000.0,-5985999.755859375,-24866999.51171875,-39676999.51171875,3942585937.5,1.8760000467300415,9.0,1256531562.5,1,4724558675.0,4724558675.0,0.75,True,True,True
0,000726,144,7.62,7.65,7.65,7.7,7.61,9:39:24.234,9394039,-762,8915,6,6804253.0,5216,3699,-1,1033,7.62,7.63,7,518,7.61,7.64,1020,75,7.6,7.65,1753,175,7.59,7.66,1399,201,7.58,7.67,1661,185,"(13,)",0,0,0,0,0.0,144,589117812.5,15,15,20260106,20001225,817307031.25,12170000.0,2878533750.0,44010720000.0,226125996.09375,0.0,6200.000047683716,141683210000.0,66280460000.0,56906760000.0,3251611875.0,46011.0,16208961250.0,3173526875.0,1789290937.5,97532310000.0,42998195000.0,33037487500.0,7764925000.0,5868192500.0,2510206093.75,4091805000.0,1915618906.25,21565720000.0,5917282500.0,5121850000.0,5026715937.5,72723755000.0,11.845999717712402,9.0,589117812.5,1,4489077731.25,4489077731.25,1.0,True,True,True
0,000731,122,6.93,6.98,7.0,7.0,6.91,9:39:22.848,9393808,-693,7775,295,5392251.0,4007,3768,0,2870,6.93,6.94,227,118,6.92,6.95,474,294,6.91,6.96,1330,40,6.9,6.97,1623,55,6.89,6.98,2442,465,"(12,)",0,0,0,0,0.14,122,548825898.4375,23,28,20260202,19970617,548825898.4375,12260000.0,1893807968.75,28684725000.0,0.0,0.0,-99.99999776482582,51678615000.0,30194862500.0,17905886250.0,1702906093.75,37821.0,5363428125.0,3378740000.0,4465371875.0,40329062500.0,27171622500.0,24427205000.0,908228046.875,77640996.09375,258870996.09375,-857367031.25,-328787031.25,4828705000.0,75439003.90625,-82760000.0,-72902001.953125,26462477500.0,7.2170000076293945,9.0,548825898.4375,1,3803363476.171875,3803363476.171875,1.0,True,True,True
0,000752,73,10.85,10.86,10.86,10.92,10.84,9:39:20.496,9393416,-1085,1961,93,2131745.0,1228,733,0,1086,10.84,10.85,16,152,10.83,10.86,185,50,10.82,10.87,228,100,10.81,10.88,213,127,10.8,10.89,102,386,"(13,)",0,0,0,0,-0.36,73,263758496.09375,31,37,20260126,19970625,263758496.09375,12150000.0,239918691.40625,2994596250.0,0.0,0.0,5500.00011920929,14077498750.0,10596365000.0,1422501875.0,52510996.09375,15873.0,2012317031.25,5583532500.0,5458403750.0,6147163750.0,3251251875.0,1861976875.0,101999.99809265137,2729940000.0,-22025000.0,1012953046.875,3992471250.0,353084023.4375,2773111875.0,2538514062.5,1449070000.0,-2641075000.0,2.3310000896453857,9.0,263758496.09375,1,2861779682.6171875,2861779682.6171875,1.0,True,True,True
0,000757,170,5.32,5.29,5.29,5.32,5.27,9:39:23.814,9393969,-532,15509,27,8219680.0,7521,7988,0,661,5.31,5.32,1399,42,5.3,5.33,1047,1194,5.29,5.34,778,1287,5.28,5.35,1491,1621,5.27,5.36,1060,725,"(12,)",0,0,0,0,0.57,170,532706015.625,23,7,20260203,19970627,532716093.75,15520000.0,-238920000.0,26295305000.0,0.0,0.0,799.9999821186066,24612977500.0,16131237500.0,4956723125.0,268008007.8125,25602.0,7953511875.0,0.0,14941710000.0,15921430000.0,21830527500.0,19042347500.0,1382586093.75,533989023.4375,-24891999.51171875,2313384062.5,-387601015.625,3970282812.5,535331992.1875,427751992.1875,427751992.1875,-4754953125.0,2.989000082015991,9.0,532706015.625,1,2833996003.125,2833996003.125,1.0,True,True,True
0,000779,216,9.25,9.19,9.16,9.28,9.12,9:39:23.256,9393876,-925,25499,125,23524412.0,8601,16898,0,6760,9.25,9.27,91,252,9.24,9.28,594,253,9.23,9.29,164,284,9.22,9.3,404,636,9.21,9.31,383,184,"(653,)",0,0,0,0,0.11,216,464774687.5,4,21,20260202,19970528,464829492.1875,22740000.0,1803250312.5,13703638750.0,0.0,0.0,3400.000035762787,54431595000.0,36403130000.0,9743534375.0,1895450937.5,28201.0,13071415000.0,63659003.90625,17075442500.0,39525340000.0,14147545000.0,8970488125.0,16131237500.0,1931600000.0,70071997.0703125,-1232324062.5,-5019246875.0,374325000.0,1929210937.5,1576535000.0,1577157031.25,16996668750.0,8.503000259399414,9.0,464774687.5,1,4299165859.375,4299165859.375,1.0,True,True,True
0,000788,129,6.38,6.36,6.36,6.38,6.33,9:39:24.978,9394163,-638,13771,57,8753855.0,7469,6302,0,757,6.37,6.38,1244,159,6.36,6.39,512,918,6.35,6.4,1188,955,6.34,6.41,1096,490,6.33,6.42,1181,1225,"(12,)",0,0,0,0,0.63,129,595987382.8125,25,34,20251031,19970616,595987382.8125,12270000.0,1303649921.875,15343302500.0,0.0,0.0,2300.0000417232513,20988900000.0,17561792500.0,1180740000.0,1244600000.0,49362.0,4628678750.0,-6462999.8779296875,1991728906.25,16149765000.0,12311932500.0,8984228125.0,7565805000.0,1640377968.75,24718999.0234375,1317382968.75,356481015.625,1440501875.0,1666556093.75,1359805937.5,1359805937.5,7502355000.0,2.7100000381469727,9.0,595987382.8125,1,3802399502.34375,3802399502.34375,0.8,True,True,True
0,000789,138,5.66,5.69,5.7,5.7,5.62,9:39:25.410,9394235,-566,10572,81,5976374.0,5829,4743,0,752,5.65,5.66,529,4,5.64,5.67,110,550,5.63,5.68,428,382,5.62,5.69,974,810,5.61,5.7,859,598,"(13,)",0,0,0,0,0.35,138,797407421.875,22,22,20251030,19970923,797407421.875,12300000.0,69781401.3671875,40180030000.0,0.0,0.0,99.99999776482582,157993820000.0,71804855000.0,60604180000.0,15273600000.0,46758.0,41172380000.0,33524947500.0,519483007.8125,65903920000.0,33277070000.0,28063987500.0,14790675000.0,696330000.0,173346992.1875,4155935000.0,1696203906.25,4626043125.0,749400937.5,170893984.375,74853999.0234375,53907990000.0,8.07699966430664,9.0,797407421.875,1,4513326007.8125,4513326007.8125,1.0,True,True,True
0,000790,151,4.09,4.08,4.1,4.1,4.04,9:39:26.352,9394392,-409,14553,15,5926888.0,6521,8032,0,5367,4.08,4.09,608,4156,4.07,4.1,680,2688,4.06,4.11,347,1559,4.05,4.12,408,3394,4.04,4.13,1209,1006,"(12,)",0,0,0,0,0.25,151,622614609.375,23,34,20251030,19980327,623719414.0625,12270000.0,57378701.171875,6630792500.0,0.0,0.0,-1599.9999642372131,18617050000.0,5462131875.0,4569807812.5,1762167031.25,36981.0,8000481250.0,174715000.0,662902031.25,9323530000.0,4573846250.0,2493496093.75,2701561875.0,-916119062.5,-250587988.28125,-103406992.1875,-499964023.4375,601727968.75,-929417031.25,-971142031.25,-977851953.125,1181117031.25,1.4950000047683716,9.0,622614609.375,1,2546493752.34375,2546493752.34375,0.95,True,True,True
0,000802,251,4.96,4.92,4.9,5.0,4.86,9:39:25.830,9394305,-496,93416,155,46174456.0,38185,55231,0,13926,4.96,4.97,1239,968,4.95,4.98,632,1286,4.94,4.99,495,1432,4.93,5.0,612,2645,4.92,5.01,629,565,"(1293,)",0,0,0,0,0.4,251,715465234.375,7,18,20251025,19980108,715900234.375,27870000.0,-399105781.25,993666562.5,0.0,0.0,-4300.000071525574,19851743750.0,8604096875.0,601395000.0,4659164062.5,61932.0,11565697500.0,-206381015.625,31759915000.0,7794171250.0,2498523125.0,4512676875.0,859051953.125,-2523275000.0,2308999.9389648438,858571953.125,581883984.375,430170000.0,-3014330000.0,-3053339062.5,-3053318125.0,-31652937500.0,1.0889999866485596,9.0,715465234.375,1,3548707562.5,3548707562.5,0.85,True,True,True
0,000809,172,3.49,3.51,3.53,3.53,3.48,9:39:26.712,9394452,-349,14415,15,5036949.0,10286,4129,0,1610,3.49,3.5,365,923,3.48,3.51,2579,329,3.47,3.52,1871,779,3.46,3.53,4510,899,3.45,3.54,2403,1433,"(13,)",0,0,0,0,0.29,172,824791328.125,5,43,20260128,19980616,824791328.125,12380000.0,-784303671.875,850060937.5,0.0,0.0,-599.9999865889549,29091562500.0,11341165000.0,2880765000.0,785295000.0,28743.0,2259767031.25,102337001.953125,827658984.375,26705950000.0,1026855000.0,1081921953.125,1093117968.75,-490585976.5625,-88682001.953125,-538428984.375,-8379345000.0,673530000.0,-490568984.375,-504616992.1875,-499100000.0,15662545000.0,3.23799991607666,9.0,824791328.125,1,2878521735.15625,2878521735.15625,1.0,True,True,True
0,000826,218,2.27,2.26,2.27,2.29,2.23,9:39:27.444,9394574,-227,72138,40,16289789.0,28681,43457,0,14517,2.27,2.28,6497,1436,2.26,2.29,4030,6641,2.25,2.3,3020,10345,2.24,2.31,8017,3820,2.23,2.32,18693,4570,"(1293,)",0,0,0,0,0.89,218,1425172968.75,19,39,20260205,19980225,1425353281.25,23780000.0,-11125786250.0,36941772500.0,0.0,0.0,-5400.000214576721,186717500000.0,62836655000.0,13936898750.0,71609375000.0,69689.0,93539120000.0,25408802500.0,65114310000.0,419100976.5625,33037772500.0,25350417500.0,42487930000.0,-4582630937.5,-2193353906.25,4426631875.0,-823646953.125,2395755000.0,-5633061250.0,-6423994375.0,-6831749375.0,-84684390000.0,0.028999999165534973,9.0,1425172968.75,1,3235142639.0625,3235142639.0625,0.8,True,True,True
0,000856,217,11.19,11.26,11.26,11.27,11.17,9:39:22.092,9393682,-1119,18375,86,20591624.0,11386,6989,0,15201,11.18,11.19,11,8,11.17,11.2,91,232,11.16,11.21,312,74,11.15,11.22,151,22,11.14,11.23,138,20,"(13,)",0,0,0,0,0.0,217,227000000.0,11,26,20251030,19980813,227000000.0,12350000.0,112354296.875,19018680000.0,0.0,0.0,399.9999910593033,22533997500.0,19201248750.0,2068426875.0,143520996.09375,43804.0,18080137500.0,201043984.375,3586568125.0,4194640937.5,20373155000.0,18985211250.0,9527228125.0,24100998.53515625,45083999.0234375,-589549023.4375,-235470996.09375,3175503750.0,74862001.953125,83827001.953125,81182001.953125,-1767874062.5,1.8480000495910645,9.0,227000000.0,1,2540130000.0,2540130000.0,0.75,True,True,True
0,000862,197,6.28,6.38,6.39,6.39,6.27,9:39:25.038,9394173,-628,22576,1,14232481.0,14083,8493,0,2748,6.28,6.29,2168,498,6.27,6.3,3321,303,6.26,6.31,1158,63,6.25,6.32,1561,323,6.24,6.33,1004,242,"(13,)",0,0,0,0,0.0,197,627967109.375,14,16,20251025,19980915,917954687.5,13440000.0,1905295937.5,9301226250.0,0.0,0.0,2599.9999046325684,88700810000.0,24756315000.0,59815320000.0,771965000.0,47122.0,30934397500.0,810438984.375,34312715000.0,44831955000.0,9752275625.0,5992065000.0,23336837500.0,2663018125.0,27045998.53515625,10441881875.0,-55542998.046875,365303007.8125,2661598125.0,2429415937.5,2374515000.0,1095880000.0,4.883999824523926,9.0,627967109.375,1,3943633446.875,3943633446.875,0.85,True,True,True
0,000868,93,4.92,4.92,4.92,4.93,4.9,9:39:24.054,9394009,-492,11304,1,5557889.0,5435,5869,0,1663,4.92,4.93,643,3388,4.91,4.94,1012,2336,4.9,4.95,1821,4189,4.89,4.96,2201,2134,4.88,4.97,1721,1383,"(13,)",0,0,0,0,0.41,93,733328437.5,24,7,20260202,19970725,939514765.625,12360000.0,-53590000.0,16942357500.0,0.0,0.0,-99.99999776482582,42529620000.0,31963450000.0,5798238125.0,1611162968.75,46856.0,33051490000.0,355196015.625,13122737500.0,8513180000.0,24459747500.0,22500055000.0,12694221250.0,-202545000.0,44962998.046875,-344330000.0,-503816992.1875,3739693125.0,-198098007.8125,-199336992.1875,-86578994.140625,-14780481250.0,0.906000018119812,9.0,733328437.5,1,3607975912.5,3607975912.5,1.0,True,True,True
0,000889,200,3.8,3.8,3.8,3.81,3.77,9:39:26.526,9394421,-380,18056,8,6850502.0,9473,8583,0,4013,3.79,3.8,1542,1019,3.78,3.81,1949,639,3.77,3.82,592,852,3.76,3.83,1678,489,3.75,3.84,1953,1079,"(12,)",0,0,0,0,0.26,200,869849687.5,11,24,20251031,19971218,936291093.75,18650000.0,-230992695.3125,10780760000.0,0.0,0.0,-299.99999329447746,8891875000.0,7087411875.0,434790000.0,5091000.061035156,38025.0,7896461250.0,1361999.9694824219,14896637500.0,709770000.0,11859761250.0,10968132500.0,5859631875.0,-266486015.625,0.0,-230116992.1875,-360046015.625,333748007.8125,-304146992.1875,-293636015.625,-293384003.90625,-24594235000.0,0.07599999755620956,9.0,869849687.5,1,3305428812.5,3305428812.5,0.95,True,True,True
0,000897,140,2.29,2.31,2.31,2.32,2.27,9:39:27.432,9394572,-229,77437,30,17721932.0,60809,16628,0,2786,2.28,2.29,16152,94,2.27,2.3,14914,9723,2.26,2.31,15771,12380,2.25,2.32,7756,13494,2.24,2.33,4148,20682,"(12,)",0,0,0,0,0.44,140,1617241562.5,9,11,20251029,19990422,1617272187.5,20700000.0,3713594375.0,16548512500.0,0.0,0.0,99.99999776482582,44871190000.0,41884860000.0,39073999.0234375,14785999.755859375,81953.0,13018590000.0,996550000.0,3092440937.5,30724975000.0,3074664062.5,2020710937.5,453641015.625,322960000.0,141643994.140625,-6625740625.0,-6053063125.0,33521777500.0,311161015.625,145158994.140625,181963007.8125,10603522500.0,1.899999976158142,9.0,1617241562.5,1,3703483178.125,3703483178.125,0.9,True,True,True
0,000906,153,6.22,6.24,6.23,6.23,6.17,9:39:25.074,9394179,-622,5934,1,3675197.0,3501,2433,0,1146,6.21,6.22,112,421,6.2,6.23,334,1036,6.19,6.24,218,73,6.18,6.25,1034,258,6.17,6.26,1349,405,"(12,)",0,0,0,0,0.65,153,701239765.625,28,12,20251025,19990707,709663203.125,21720000.0,3620042500.0,1472104480000.0,0.0,0.0,2300.0000417232513,533931960000.0,502259600000.0,14477731250.0,4572969062.5,28465.0,414844360000.0,37929427500.0,8543915625.0,57559240000.0,1706224320000.0,1692114400000.0,73461325000.0,6247128125.0,3002943125.0,-55241460000.0,-5369332500.0,200738780000.0,6235861250.0,4499994062.5,1900270000.0,28120740000.0,6.702000141143799,9.0,701239765.625,1,4361711342.1875,4361711342.1875,1.0,True,True,True
0,000909,28,5.55,5.55,5.56,5.59,5.53,9:39:25.476,9394246,-555,984,7,547563.0,528,456,0,0,5.55,5.57,18,412,5.54,5.58,160,100,5.53,5.59,197,78,5.52,5.6,112,195,5.51,5.61,146,30,"(13,)",0,0,0,0,0.18,28,437710585.9375,28,25,20251025,19990507,437714296.875,20700000.0,481931093.75,2354099843.75,0.0,0.0,-1500.0000596046448,23454990000.0,7903753125.0,4689835000.0,65164003.90625,18619.0,11760745000.0,492001992.1875,9990350000.0,9929511250.0,2422067031.25,1552812031.25,699611015.625,-450326992.1875,-125390000.0,458678984.375,-6183000.48828125,3993537812.5,-451564023.4375,-641927968.75,-674612031.25,-4650634062.5,2.2690000534057617,9.0,437710585.9375,1,2429293751.953125,2429293751.953125,1.0,True,True,True
0,000910,114,7.88,7.85,7.87,7.88,7.82,9:39:24.078,9394013,-788,5277,2,4149121.0,2858,2419,0,1070,7.87,7.88,192,201,7.86,7.89,191,319,7.85,7.9,83,337,7.84,7.91,296,678,7.83,7.92,445,297,"(12,)",0,0,0,0,0.51,114,547184492.1875,26,4,20251030,19990630,547397500.0,12200000.0,1340603281.25,37723055000.0,0.0,0.0,1299.9999523162842,97451220000.0,71187340000.0,14824025000.0,4766975000.0,17629.0,27499312500.0,1489048125.0,2433890937.5,67172980000.0,34039287500.0,25232287500.0,15925348750.0,754133984.375,74832001.953125,-200743984.375,-449591015.625,18121395000.0,744452968.75,540000976.5625,731730000.0,55944305000.0,12.270999908447266,9.0,547184492.1875,1,4311813798.4375,4311813798.4375,1.0,True,True,True
0,000919,196,7.72,7.74,7.74,7.76,7.68,9:39:24.174,9394029,-772,15986,690,12319065.0,9044,6942,-1,1370,7.72,7.73,156,194,7.71,7.74,15,695,7.7,7.75,428,109,7.69,7.76,816,85,7.68,7.77,1217,5,"(13,)",0,0,0,0,0.39,196,621766718.75,26,34,20260202,19991118,621924492.1875,12270000.0,767564531.25,25305950000.0,0.0,0.0,1099.9999940395355,60239970000.0,35439652500.0,13646337500.0,3228650000.0,33513.0,9606682500.0,10547395000.0,10882738750.0,37923630000.0,23801430000.0,18886112500.0,5146471875.0,896028046.875,135212001.953125,892921953.125,-5769676250.0,2671485000.0,897111015.625,748181953.125,684582968.75,16668992500.0,6.079999923706055,9.0,621766718.75,1,4800039068.75,4800039068.75,1.0,True,True,True
0,000926,157,2.33,2.36,2.36,2.36,2.31,9:39:27.408,9394568,-233,41007,5,9552753.0,30622,10386,0,1539,2.32,2.33,9379,7769,2.31,2.34,11304,5400,2.3,2.35,7743,3222,2.29,2.36,2349,5772,2.28,2.37,1758,2954,"(3340,)",0,0,0,0,0.87,157,1573209218.75,19,11,20260204,19990618,1592964843.75,20700000.0,166303398.4375,22807670000.0,0.0,0.0,-5400.000214576721,278625120000.0,216095500000.0,5337643125.0,479390000.0,41600.0,135073560000.0,8823275000.0,23553630000.0,86265110000.0,10161336875.0,8856178125.0,3268735937.5,-7508906250.0,-804685000.0,2176582031.25,628012968.75,180122040000.0,-7568706250.0,-8818567500.0,-8669931250.0,34140490000.0,5.414999961853027,9.0,1573209218.75,1,3665577479.6875,3665577479.6875,1.0,True,True,True
0,000929,59,9.92,9.99,10.01,10.02,9.9,9:39:22.854,9393809,-992,1630,6,1621037.0,1231,399,2,360,9.92,9.93,44,37,9.9,9.94,202,50,9.89,9.96,72,1,9.88,9.97,125,73,9.87,9.99,84,19,"(12,)",0,0,0,0,-0.49,59,185754199.21875,4,37,20260206,19990623,185765996.09375,12150000.0,-386837890.625,1779108750.0,0.0,0.0,599.9999865889549,11185596250.0,4897960000.0,1433663906.25,481355000.0,10939.0,3318055000.0,3141725000.0,1844118906.25,4673251250.0,2194464062.5,1749570000.0,775328984.375,-178735996.09375,31282998.046875,-1338027968.75,164468984.375,1896496093.75,-221856015.625,-221826992.1875,109282998.046875,1030261015.625,2.5160000324249268,9.0,185754199.21875,1,1842681656.25,1842681656.25,1.0,True,True,True
0,000931,196,5.36,5.3,5.31,5.36,5.26,9:39:25.590,9394265,-536,31531,13,16722802.0,12685,18847,1,20619,5.35,5.36,3261,1160,5.34,5.37,1406,136,5.33,5.38,90,1207,5.31,5.39,155,496,5.3,5.4,185,1499,"(5132,)",0,0,0,0,1.52,196,751029531.25,7,34,20251030,19990712,753127031.25,12270000.0,516290390.625,19298437500.0,0.0,0.0,700.0000029802322,38161262500.0,17410130000.0,8555215000.0,1172412031.25,68039.0,13703623750.0,2286338125.0,15760287500.0,16378623750.0,18824625000.0,7597725000.0,10745945000.0,848296015.625,-16825999.755859375,232561015.625,429285000.0,2020700000.0,838955000.0,612535000.0,494912968.75,-7468765000.0,2.174999952316284,9.0,751029531.25,1,4025518287.5000005,4025518287.5000005,0.95,True,True,True
0,000952,192,8.11,8.04,8.04,8.12,8.0,9:39:23.940,9393990,-811,13968,161,11258397.0,5416,8552,1,2838,8.11,8.12,1,598,8.1,8.13,131,88,8.09,8.14,15,87,8.08,8.15,110,229,8.07,8.16,17,131,"(12,)",0,0,0,0,1.0,192,343993984.375,19,34,20260203,19991112,346750390.625,12270000.0,-1585755937.5,4621936250.0,0.0,0.0,-2800.000011920929,25803247500.0,8218617500.0,14395306250.0,2052715000.0,31564.0,12252257500.0,-22303000.48828125,3654192187.5,9654307500.0,4292637187.5,3030734062.5,1450900000.0,-1050121015.625,187998007.8125,476428984.375,-549981992.1875,3173477812.5,-1069857031.25,-1070283984.375,-972986015.625,1100932968.75,2.7839999198913574,9.0,343993984.375,1,2789791213.28125,2789791213.28125,0.7,True,True,True
0,000953,101,7.3,7.31,7.31,7.31,7.26,9:39:24.426,9394071,-730,5218,6,3803223.0,3074,2144,0,1901,7.3,7.31,104,1515,7.29,7.32,281,186,7.28,7.33,235,835,7.27,7.34,561,445,7.26,7.35,568,130,"(13,)",0,0,0,0,0.27,101,366122187.5,10,34,20251028,19991202,366122187.5,12270000.0,792887187.5,1666951250.0,0.0,0.0,199.99999552965164,2721195000.0,1116482031.25,1339192031.25,207088984.375,35836.0,908855937.5,176228007.8125,5053053125.0,1541363906.25,1294521015.625,1060985000.0,154749003.90625,85203994.140625,0.0,427245000.0,-426237031.25,344006015.625,84927001.953125,86521992.1875,79331000.9765625,-7313261250.0,0.42100000381469727,9.0,366122187.5,1,2672691968.75,2672691968.75,0.95,True,True,True
0,000955,223,5.83,5.88,5.87,5.89,5.79,9:39:25.308,9394218,-583,21544,3,12550226.0,11384,10160,-1,4766,5.83,5.84,187,1034,5.82,5.85,1091,530,5.81,5.86,486,1299,5.8,5.87,1022,903,5.79,5.88,1117,1627,"(13,)",0,0,0,0,0.52,223,537993007.8125,30,15,20260203,19991209,538395000.0,12170000.0,-138664697.265625,3933412187.5,0.0,0.0,0.0,8579575000.0,4523026875.0,2480725937.5,758115000.0,47466.0,987132031.25,567220000.0,4896810000.0,6483218125.0,3332598750.0,3009252812.5,727395000.0,-9419000.244140625,22616999.51171875,-238725000.0,-1395194062.5,819767968.75,-12283999.0234375,-13282000.732421875,2302000.1220703125,-3797542187.5,1.2039999961853027,9.0,537993007.8125,1,3136499235.546875,3136499235.546875,0.95,True,True,True
0,000965,205,4.1,4.16,4.16,4.16,4.08,9:39:26.346,9394391,-410,33340,9,13701936.0,20848,12492,-1,3507,4.1,4.11,3459,340,4.09,4.12,5078,1918,4.08,4.13,7113,1323,4.07,4.14,4618,1312,4.06,4.15,2110,1202,"(13,)",0,0,0,0,0.49,205,1109830937.5,9,11,20251025,20000406,1109830937.5,20700000.0,8900900.268554688,15677013750.0,0.0,0.0,599.9999865889549,154942000000.0,130833400000.0,3641360000.0,21923000.48828125,54637.0,54009020000.0,11759113750.0,23128160000.0,54939270000.0,23200435000.0,21292815000.0,1184761015.625,1080363984.375,295296992.1875,-9463388125.0,2766598125.0,105394100000.0,1083219062.5,1114171953.125,646110000.0,17783656250.0,4.949999809265137,9.0,1109830937.5,1,4550306843.75,4550306843.75,0.85,True,True,True
0,000978,170,7.23,7.34,7.35,7.35,7.21,9:39:24.468,9394078,-723,14183,21,10285107.0,9857,4326,0,2264,7.23,7.24,148,130,7.22,7.25,874,54,7.21,7.26,702,95,7.2,7.27,867,133,7.19,7.28,450,1003,"(13,)",0,0,0,0,0.28,170,468118789.0625,10,10,20260204,20000518,468130000.0,23780000.0,68030698.2421875,3421115000.0,0.0,0.0,799.9999821186066,22774475000.0,3170325000.0,9766786250.0,3141549062.5,29461.0,5511138125.0,-1791999.9694824219,13288500000.0,11077627500.0,3387684062.5,2267427968.75,687981953.125,368987968.75,221211015.625,1076416015.625,1442442031.25,42857998.046875,426225000.0,334403007.8125,357676992.1875,-7813477500.0,2.365999937057495,9.0,468118789.0625,1,3384498844.921875,3384498844.921875,1.0,True,True,True
0,000985,122,21.26,21.38,21.46,21.47,21.17,9:39:16.050,9392675,-2126,1613,1,3428711.0,989,624,0,1116,21.24,21.26,33,4,21.23,21.28,20,4,21.21,21.29,30,5,21.2,21.3,41,87,21.18,21.31,31,2,"(12,)",0,0,0,0,0.38,122,129639501.953125,1,19,20251030,20000726,129639501.953125,12260000.0,311297304.6875,15052927500.0,0.0,0.0,1000.0000149011612,7293781250.0,4414131875.0,2368573125.0,122406005.859375,12622.0,1043640000.0,0.0,2909072187.5,6149943125.0,14318850000.0,13457551250.0,0.0,175345000.0,0.0,1183071015.625,768870000.0,359526015.625,176336992.1875,132253007.8125,132253007.8125,1250174062.5,4.74399995803833,9.0,129639501.953125,1,2756135811.5234375,2756135811.5234375,0.95,True,True,True
0,001201,92,15.04,15.13,15.13,15.16,15.02,9:39:19.782,9393297,-1504,1666,15,2510105.0,1307,359,0,106,15.04,15.05,12,1,15.03,15.06,116,10,15.02,15.09,205,6,15.01,15.1,120,51,15.0,15.12,232,4,"(12,)",0,0,0,0,0.07,92,203134609.375,12,17,20251031,20210428,257784003.90625,10030000.0,-769769609.375,10658586250.0,0.0,0.0,399.9999910593033,62069500000.0,15217467500.0,39648027500.0,292557011.71875,17738.0,16126097500.0,34490000.0,27323735000.0,33970587500.0,15997973750.0,13086522500.0,59460000.0,149610996.09375,-22181000.9765625,1357055000.0,-111141005.859375,8924263125.0,131989003.90625,112746992.1875,114675000.0,3657101875.0,13.178000450134277,9.0,203134609.375,1,3055144525.0,3055144525.0,1.0,True,True,True
0,001205,142,16.27,16.27,16.27,16.35,16.22,9:39:17.244,9392874,-1627,2930,2,4770187.0,1211,1719,0,862,16.26,16.27,48,31,16.25,16.28,75,98,16.24,16.29,102,30,16.23,16.3,116,136,16.22,16.31,364,26,"(12,)",0,0,0,0,0.12,142,159502304.6875,26,8,20260105,20210513,188003496.09375,16550000.0,1347378750.0,11307730000.0,0.0,0.0,3899.9998569488525,45663580000.0,4999668125.0,35990905000.0,0.0,13486.0,11388382500.0,1618715937.5,10079421250.0,21196877500.0,10794996250.0,8268193750.0,1232661015.625,898346953.125,-101000.00381469727,3440285937.5,-1358525000.0,682492031.25,925208984.375,774125937.5,732625000.0,8351121875.0,11.072999954223633,9.0,159502304.6875,1,2595102497.265625,2595102497.265625,1.0,True,True,True
0,001211,139,29.72,29.65,29.82,29.83,29.52,9:39:10.974,9391829,-2972,2574,73,7639825.0,1205,1369,2,8350,29.72,29.73,32,1,29.71,29.74,31,1,29.7,29.75,24,3,29.69,29.77,2,8,29.68,29.78,10,13,"(12,)",0,0,0,0,0.58,139,66996601.5625,28,4,20251216,20210805,72000000.0,12200000.0,141532597.65625,9277658750.0,0.0,0.0,1099.9999940395355,18562936250.0,7944556875.0,7429750000.0,1437019062.5,8642.0,8079253125.0,98282998.046875,4871682812.5,8642990625.0,10832132500.0,7268290000.0,2425667968.75,48005000.0,966999.9694824219,260962011.71875,-988500000.0,3371823750.0,36031000.9765625,82667001.953125,84384003.90625,2999466875.0,12.003999710083008,9.0,66996601.5625,1,1991138998.4375,1991138998.4375,0.95,True,True,True
0,001216,213,18.86,18.81,18.81,19.13,18.8,9:39:17.490,9392915,-1886,15691,24,29799810.0,8849,6842,-2,5173,18.86,18.88,11,68,18.85,18.89,17,29,18.84,18.9,20,34,18.83,18.91,43,229,18.82,18.92,66,83,"(13,)",0,0,0,0,-0.78,213,246023906.25,21,4,20251027,20211019,251866699.21875,12300000.0,1685051718.75,9824150625.0,0.0,0.0,7500.0,21909947500.0,11746085000.0,5517945000.0,1043637031.25,16295.0,2731633125.0,92805000.0,5565220000.0,18083686250.0,11329422500.0,7523440000.0,1340437031.25,2155400937.5,97610000.0,2897410937.5,3347746250.0,1605111093.75,2134842968.75,1871238125.0,1890173125.0,9069475000.0,7.179999828338623,9.0,246023906.25,1,4640010871.875,4640010871.875,0.9,True,True,True
0,001217,264,14.37,14.07,13.82,14.39,13.82,9:39:20.184,9393364,-1437,81777,388,115258696.0,31316,50462,-1,69183,14.33,14.37,18,22,14.32,14.38,276,213,14.31,14.39,321,92,14.3,14.4,5,264,14.29,14.41,4,115,"(6348,)",0,0,0,0,1.41,264,328583007.8125,24,19,20251027,20210929,331870000.0,12260000.0,802719531.25,12071511250.0,0.0,0.0,700.0000029802322,34730335000.0,9857815000.0,22075535000.0,824857031.25,21798.0,11308501250.0,0.0,8486531875.0,22485725000.0,15219118750.0,14109537500.0,438800000.0,302638984.375,31771999.51171875,1126205000.0,-549755000.0,1823325937.5,355363984.375,219831015.625,219831015.625,9013275000.0,6.775000095367432,9.0,328583007.8125,1,4721737822.265625,4721737822.265625,0.95,True,True,True
0,001218,159,25.91,25.95,25.96,25.96,25.75,9:39:13.260,9392210,-2591,1439,9,3721654.0,755,684,2,2752,25.89,25.91,11,1,25.88,25.93,18,24,25.86,25.95,4,7,25.85,25.96,7,12,25.84,25.97,1,5,"(12,)",0,0,0,0,0.43,159,92907197.265625,21,19,20260203,20211015,130178300.78125,12260000.0,759048593.75,25759925000.0,0.0,0.0,7699.999809265137,30768880000.0,17585676250.0,7952078125.0,1596205937.5,12436.0,7096852500.0,0.0,13183043750.0,22747452500.0,34798312500.0,31309975000.0,4930678750.0,1034671015.625,23120000.0,2282996093.75,-1381125937.5,4084565000.0,1037287031.25,1005037968.75,1005037968.75,7683731875.0,17.474000930786133,9.0,92907197.265625,1,2407225481.1523438,2407225481.1523438,0.95,True,True,True
0,001219,151,14.94,15.03,15.03,15.08,14.9,9:39:19.842,9393307,-1494,2669,10,3990499.25,1773,897,0,3051,14.92,14.94,24,26,14.91,14.95,69,51,14.9,14.97,94,13,14.89,14.98,41,1,14.88,14.99,105,8,"(5708,)",0,0,0,0,0.27,151,190122109.375,15,14,20251218,20211021,194983808.59375,12140000.0,866002812.5,3952648437.5,0.0,0.0,4799.999892711639,12862685000.0,9172463125.0,298750996.09375,138287998.046875,15060.0,2215989062.5,15780000.0,2629677812.5,10618410000.0,4234198125.0,2555420000.0,195153007.8125,1247632031.25,94852001.953125,1271298046.875,132181005.859375,229278007.8125,1237141015.625,928770000.0,927690000.0,5402407500.0,5.446000099182129,9.0,190122109.375,1,2840424314.0625,2840424314.0625,1.0,True,True,True
0,001222,122,22.67,22.46,22.45,22.67,22.41,9:39:13.404,9392234,-2267,1733,11,3908813.0,761,972,1,359,22.66,22.67,15,1,22.65,22.68,26,28,22.63,22.69,75,45,22.61,22.7,3,76,22.59,22.72,3,16,"(12,)",0,0,0,0,0.71,122,107409902.34375,28,50,20251030,20220818,190890000.0,12410000.0,1197396171.875,9307911250.0,0.0,0.0,6899.999976158142,18355050000.0,12269980000.0,4021885000.0,329321015.625,13616.0,2198059062.5,1837421093.75,4998876250.0,14245690000.0,12812965000.0,9867857500.0,3321832812.5,1693015000.0,8905000.0,165456015.625,-496581992.1875,3096636875.0,1685435000.0,1578659062.5,1302151953.125,6928080000.0,7.4629998207092285,9.0,107409902.34375,1,2434982486.1328125,2434982486.1328125,1.0,True,True,True
0,001229,149,38.52,38.21,38.36,38.63,38.21,9:39:05.694,9390949,-3852,1620,2,6230929.0,868,752,0,767,38.48,38.54,5,3,38.47,38.56,1,20,38.46,38.57,3,21,38.45,38.58,3,4,38.44,38.59,9,9,"(12,)",0,0,0,0,0.29,149,52679399.4140625,12,24,20251210,20220808,102451503.90625,12390000.0,521330898.4375,1173959296.875,0.0,0.0,4000.000059604645,10432030000.0,5996390000.0,1243937968.75,1390805000.0,12887.0,678675937.5,2162999.8779296875,5759066250.0,9729543125.0,1322040000.0,474270000.0,631331015.625,480124023.4375,24800000.0,870094062.5,464371015.625,282146992.1875,476593007.8125,401884023.4375,401953984.375,2595142031.25,9.729000091552734,9.0,52679399.4140625,1,2029210465.4296877,2029210465.4296877,0.95,True,True,True
0,001234,101,27.93,27.97,28.21,28.26,27.78,9:39:12.048,9392008,-2793,1527,63,4268334.0,825,702,0,3413,27.92,27.93,2,17,27.89,27.94,47,13,27.88,27.95,39,5,27.87,27.96,50,6,27.86,27.98,6,22,"(12,)",0,0,0,0,0.22,101,91520498.046875,26,41,20251027,20220111,109413701.171875,12180000.0,650215781.25,6651598750.0,0.0,0.0,3199.9999284744263,11591827500.0,7478561875.0,3066355000.0,258588984.375,18999.0,2418536875.0,0.0,5735357500.0,9130971875.0,6237980000.0,5179585937.5,2238290000.0,377510000.0,35661999.51171875,252003007.8125,-731165000.0,1445854062.5,374088984.375,345435000.0,345435000.0,2115535000.0,8.345000267028809,9.0,91520498.046875,1,2556167510.4492188,2556167510.4492188,0.9,True,True,True
0,001239,132,16.95,16.98,16.94,17.04,16.93,9:39:18.636,9393106,-1695,3948,23,6701890.0,1845,2103,-2,1271,16.95,16.96,13,1,16.94,16.97,5,197,16.93,16.98,39,2,16.92,16.99,7,113,16.91,17.0,12,146,"(1037,)",0,0,0,0,-0.11,132,114000000.0,21,26,20260106,20231212,240000000.0,12330000.0,451594687.5,4276168437.5,0.0,0.0,3000.0001192092896,41345352500.0,31630185000.0,6489200000.0,1387754062.5,17977.0,12345295000.0,6756435000.0,7794892500.0,13781467500.0,15259387500.0,13019432500.0,8544400625.0,1479885000.0,46947001.953125,44796000.9765625,103350000.0,9106222500.0,1480117968.75,1299587031.25,719518984.375,3295787812.5,5.742000102996826,9.0,114000000.0,1,1932300000.0,1932300000.0,0.95,True,True,True
0,001256,136,22.37,22.39,22.53,22.53,22.26,9:39:15.384,9392564,-2237,1390,2,3110204.0,626,764,0,406,22.36,22.37,5,8,22.35,22.38,19,6,22.34,22.39,13,14,22.33,22.4,3,10,22.32,22.41,6,3,"(12,)",0,0,0,0,0.18,136,106912597.65625,28,26,20251230,20221205,142612597.65625,12350000.0,801469062.5,3821193125.0,0.0,0.0,5699.999928474426,15851830000.0,8290665625.0,2580215000.0,446477968.75,9526.0,3644715937.5,0.0,6984185000.0,12086705000.0,4095555937.5,2719830000.0,132250000.0,933717968.75,150687001.953125,650085000.0,-283720000.0,2062626875.0,933448046.875,811181953.125,811181953.125,3332685000.0,8.475000381469727,9.0,106912597.65625,1,2391634809.5703125,2391634809.5703125,1.0,True,True,True
0,001259,142,34.21,34.15,34.36,34.44,34.1,9:39:08.280,9391380,-3421,1359,3,4651369.0,587,772,0,2783,34.21,34.23,1,7,34.16,34.25,3,19,34.15,34.27,14,21,34.13,34.28,5,6,34.12,34.29,2,4,"(13,)",0,0,0,0,0.15,142,47544501.953125,7,23,20251211,20220831,73588901.3671875,12380000.0,100983701.171875,2623686250.0,0.0,0.0,599.9999865889549,8388121875.0,4002323750.0,232149003.90625,563276992.1875,6584.0,1009308984.375,45142998.046875,3985730000.0,7142430000.0,2869056875.0,2082714062.5,559448007.8125,-7397000.1220703125,0.0,140153007.8125,-1526920937.5,800687031.25,-8194000.244140625,33755000.0,41639003.90625,2414732968.75,9.706000328063965,9.0,47544501.953125,1,1626497411.8164062,1626497411.8164062,0.85,True,True,True
0,001277,141,42.13,41.76,41.79,42.16,41.69,9:39:03.528,9390588,-4213,1828,1,7670286.0,786,1042,-2,2549,42.03,42.12,4,3,41.95,42.13,10,9,41.94,42.15,6,3,41.92,42.16,13,2,41.91,42.17,1,10,"(13,)",0,0,0,0,0.79,141,45382797.8515625,13,26,20260203,20240903,76000000.0,12430000.0,1122630781.25,8466572500.0,0.0,0.0,9900.000095367432,20758431250.0,15738136250.0,3510710937.5,545887968.75,10846.0,4584328125.0,253170996.09375,6351371250.0,15466526250.0,7237140625.0,5614980000.0,5989446250.0,961887968.75,594000.0152587891,-25336000.9765625,151880000.0,3118736875.0,962613984.375,799787031.25,753385000.0,7804792500.0,20.35099983215332,9.0,45382797.8515625,1,1911977273.4863281,1911977273.4863281,0.8,True,True,True
0,001279,77,34.86,34.94,35.05,35.05,34.82,9:39:04.290,9390715,-3486,324,6,1130405.0,171,153,0,736,34.88,34.92,10,23,34.86,34.94,1,20,34.85,34.95,9,15,34.84,34.98,32,5,34.83,34.99,25,5,"(13,)",0,0,0,0,0.06,77,40000000.0,24,46,20251117,20241011,160000000.0,12230000.0,695181562.5,11172548750.0,0.0,0.0,2800.000011920929,16595897500.0,13280020000.0,1073801953.125,123543994.140625,17938.0,6392563125.0,-1630000.0,4915135937.5,10079125000.0,10711821250.0,9648822500.0,2487977968.75,488273007.8125,57100000.0,3593193125.0,2202525000.0,1559287031.25,486410976.5625,453977968.75,455608984.375,3233600000.0,6.298999786376953,9.0,40000000.0,1,1394400000.0,1394400000.0,1.0,True,True,True
0,001282,177,21.17,20.93,20.88,21.38,20.71,9:39:16.104,9392684,-2117,5139,11,10869130.0,2752,2387,-3,1796,21.16,21.17,56,4,21.15,21.19,1,5,21.14,21.2,2,14,21.13,21.21,73,3,21.12,21.22,40,3,"(13,)",0,0,0,0,-0.13,177,78164799.8046875,24,7,20260202,20230524,222185605.46875,12360000.0,1030289062.5,11143020000.0,0.0,0.0,4099.999964237213,26220322500.0,11230065000.0,9441122500.0,873878046.875,18994.0,9288161250.0,0.0,7694938125.0,16196151250.0,11972725000.0,9743000000.0,4436803750.0,948667031.25,16410000.0,188161992.1875,-36410000.0,4118182812.5,941028046.875,914774062.5,914774062.5,5725388125.0,7.289999961853027,9.0,78164799.8046875,1,1654748811.8652346,1654748811.8652346,0.75,True,True,True
0,001299,163,13.21,13.33,13.34,13.35,13.19,9:39:20.880,9393480,-1321,5819,31,7704741.0,3152,2667,0,4069,13.2,13.21,262,52,13.19,13.24,135,29,13.18,13.25,168,67,13.17,13.26,113,21,13.16,13.27,179,21,"(1293,)",0,0,0,0,0.15,163,218400898.4375,8,42,20260204,20221031,242638593.75,13450000.0,545945000.0,4389460000.0,0.0,0.0,2700.0001072883606,15886770000.0,8480475000.0,4532040937.5,345698007.8125,17016.0,3960998125.0,0.0,4531080000.0,11816022500.0,5148103125.0,4134128125.0,219299003.90625,794537031.25,83275000.0,110331992.1875,-1711271093.75,144650996.09375,796512031.25,659825937.5,662687031.25,4737032812.5,4.869999885559082,9.0,218400898.4375,1,2885075868.359375,2885075868.359375,0.8,True,True,True
0,001300,153,17.39,17.2,17.2,17.47,17.12,9:39:18.372,9393062,-1739,4843,1,8384082.0,2271,2572,2,3784,17.38,17.39,3,46,17.37,17.4,157,14,17.35,17.41,1,14,17.33,17.42,10,27,17.31,17.43,5,26,"(12,)",0,0,0,0,0.4,153,243775898.4375,15,50,20251028,20221019,243775898.4375,12240000.0,206806191.40625,3998444062.5,0.0,0.0,-199.99999552965164,12715986250.0,10105921875.0,1204460000.0,413816015.625,14065.0,1975836875.0,51178999.0234375,6151268125.0,10360850000.0,3509369062.5,2860525000.0,857860000.0,-104112001.953125,83971992.1875,-134275996.09375,238155000.0,1255792031.25,-110012998.046875,-55608002.9296875,-46001000.9765625,1604180937.5,4.25,9.0,243775898.4375,1,4239262873.828125,4239262873.828125,1.0,True,True,True
0,001324,129,19.56,19.6,19.71,19.76,19.53,9:39:15.270,9392545,-1956,2361,1,4638067.0,1785,576,-1,5952,19.55,19.57,30,26,19.54,19.58,65,29,19.53,19.59,101,83,19.52,19.6,137,26,19.51,19.61,118,10,"(12,)",0,0,0,0,-0.04,129,81653598.6328125,26,8,20260203,20230522,138000000.0,12370000.0,487124804.6875,3295152812.5,0.0,0.0,2700.0001072883606,13724873750.0,10454465000.0,1228967968.75,237400996.09375,14391.0,2287682031.25,83099003.90625,6762825000.0,11337186250.0,3355478125.0,2337663125.0,3727948125.0,416939023.4375,7735999.755859375,91662998.046875,-342336015.625,1687945000.0,408626992.1875,379278007.8125,366735000.0,2961165000.0,8.21500015258789,9.0,81653598.6328125,1,1597144389.2578125,1597144389.2578125,0.95,True,True,True
0,001328,133,42.19,42.61,42.56,42.88,42.02,9:39:03.492,9390582,-4219,1414,2,5968194.0,938,476,8,2085,42.12,42.19,9,32,42.11,42.21,14,2,42.1,42.24,4,1,42.09,42.27,28,2,42.08,42.42,18,3,"(12,)",0,0,0,0,0.19,133,46031201.171875,25,19,20260205,20230410,172173808.59375,12260000.0,1179377265.625,10529210000.0,0.0,0.0,7900.000214576721,19855512500.0,14094235000.0,1725075000.0,201690996.09375,10577.0,4742505000.0,0.0,9969761250.0,14612235000.0,12282890000.0,6080300000.0,327649003.90625,1509865937.5,175585000.0,1768436875.0,-2687472187.5,1836335000.0,1539380000.0,1358804062.5,1358804062.5,2085965937.5,8.487000465393066,9.0,46031201.171875,1,1942056377.4414062,1942056377.4414062,0.75,True,True,True
0,001332,137,56.83,57.25,57.28,57.3,56.65,9:38:52.908,9388818,-5683,1283,1,7312447.0,755,528,0,1489,56.83,56.86,4,4,56.74,56.87,6,1,56.72,56.88,5,3,56.71,56.98,20,24,56.7,57.05,10,2,"(12,)",0,0,0,0,-0.31,137,48003500.9765625,26,26,20260203,20220920,110490000.0,12330000.0,2077995625.0,11719417500.0,0.0,0.0,18099.99942779541,35235130000.0,27960422500.0,4869971250.0,1053478984.375,10007.0,9428709375.0,0.0,13514081250.0,25558005000.0,9635524375.0,6146503750.0,4745625000.0,2394890000.0,90371005.859375,876180000.0,1047896953.125,6373280000.0,2389967968.75,1996335000.0,1996335000.0,10258288125.0,23.131999969482422,9.0,48003500.9765625,1,2728038960.498047,2728038960.498047,0.95,True,True,True
0,001356,102,12.68,12.68,12.71,12.71,12.63,9:39:13.998,9392333,-1268,2638,5,3339523.0,1469,1169,0,1411,12.67,12.68,69,17,12.66,12.69,48,33,12.65,12.7,180,70,12.64,12.71,108,37,12.63,12.72,200,192,"(12,)",0,0,0,0,0.32,102,200646796.875,28,47,20260122,20250123,589320000.0,12290000.0,1640456562.5,17064597500.0,0.0,0.0,1400.0000059604645,24999640000.0,11937850000.0,7170063125.0,1847392031.25,35680.0,3564812812.5,-31100000.0,6374466250.0,20412442500.0,15093320000.0,12301300000.0,2517477968.75,909313984.375,17933000.48828125,40721999.51171875,1245037031.25,4967585937.5,908566015.625,769533984.375,776907968.75,7499988125.0,3.4639999866485596,9.0,200646796.875,1,2544201384.375,2544201384.375,0.95,True,True,True
0,001358,87,29.2,29.21,29.17,29.2,28.83,9:39:11.286,9391881,-2920,825,32,2395750.0,252,573,5,146,29.17,29.2,1,3,29.16,29.38,4,10,29.15,29.39,4,6,29.14,29.4,1,16,29.13,29.43,3,3,"(12,)",0,0,0,0,0.52,87,50976298.828125,28,19,20260202,20231221,123200000.0,12260000.0,622118593.75,3318100000.0,0.0,0.0,3700.000047683716,15780298750.0,10944377500.0,3845865000.0,204034003.90625,8193.0,1406729062.5,3266999.8168945312,8328061250.0,14309850000.0,3559305937.5,2565435000.0,514396015.625,492750000.0,75785000.0,307718984.375,-4305421875.0,1152350937.5,484846015.625,419614023.4375,446812968.75,4497673750.0,11.614999771118164,9.0,50976298.828125,1,1488507925.78125,1488507925.78125,0.75,True,True,True
0,001367,162,24.44,24.42,24.53,24.58,24.26,9:39:14.142,9392357,-2444,1752,1,4266160.0,541,1211,0,2502,24.39,24.43,11,45,24.34,24.44,1,40,24.31,24.46,3,7,24.28,24.47,5,1,24.27,24.48,240,70,"(12,)",0,0,0,0,0.62,162,39697700.1953125,28,34,20260203,20230410,152351201.171875,12270000.0,869501406.25,3200445937.5,0.0,0.0,5899.999737739563,15685162500.0,12249922500.0,1838772031.25,1175885000.0,10000.0,1188442968.75,0.0,7311306875.0,14321690000.0,3588671250.0,1952832031.25,607245000.0,1021926953.125,26610000.0,1072042031.25,-5328358750.0,1256930000.0,1023665000.0,882096015.625,882096015.625,5219732812.5,9.427000045776367,9.0,39697700.1953125,1,970211792.7734375,970211792.7734375,0.85,True,True,True
0,001378,133,25.25,25.17,25.23,25.39,25.07,9:39:13.656,9392276,-2525,4216,2,10656464.0,1014,3202,0,1211,25.24,25.28,1,7,25.23,25.29,1,8,25.21,25.3,2,20,25.2,25.35,17,31,25.19,25.37,25,13,"(13,)",0,0,0,0,-0.19,133,65759199.21875,12,47,20260202,20231030,133333603.515625,12290000.0,723584531.25,11329081250.0,0.0,0.0,4499.99988079071,23389880000.0,8922306875.0,6531213125.0,2132550937.5,13080.0,3747318125.0,0.0,9237653125.0,18834840000.0,11052685000.0,9578631250.0,540405000.0,657112968.75,118524003.90625,1513557031.25,-2866645000.0,1316487031.25,655757968.75,594958984.375,594958984.375,7908731250.0,14.12600040435791,9.0,65759199.21875,1,1660419780.2734375,1660419780.2734375,0.95,True,True,True
0,001380,148,23.62,23.4,23.36,23.64,23.35,9:39:14.634,9392439,-2362,3045,1,7172030.0,1004,2041,0,1518,23.61,23.63,3,154,23.6,23.64,9,34,23.59,23.65,6,76,23.58,23.66,21,113,23.57,23.67,51,15,"(3085,)",0,0,0,0,0.43,148,88003896.484375,28,7,20260203,20230516,270854199.21875,12340000.0,1534913437.5,12341437500.0,0.0,0.0,7599.999904632568,28074360000.0,20575237500.0,4775823750.0,1504587968.75,19332.0,8752443125.0,447291015.625,7593488125.0,18544472500.0,14118281250.0,10141511250.0,7195781250.0,2316620000.0,32320998.53515625,1788284062.5,1061225937.5,2946241875.0,2347625000.0,2093295000.0,2045561875.0,7367343125.0,6.8470001220703125,9.0,88003896.484375,1,2078652034.9609375,2078652034.9609375,0.8,True,True,True
0,001387,145,15.13,15.11,15.15,15.15,15.01,9:39:19.728,9393288,-1513,3153,6,4761133.0,1355,1799,-1,682,15.12,15.14,8,158,15.1,15.15,34,225,15.09,15.16,302,148,15.05,15.17,10,16,15.04,15.18,4,66,"(6221,)",0,0,0,0,0.27,145,113910302.734375,24,23,20251119,20240111,183030390.625,12380000.0,545692500.0,14047751250.0,0.0,0.0,2599.9999046325684,24275840000.0,18188437500.0,5191893125.0,420693984.375,14210.0,10891322500.0,428197031.25,7709100000.0,12507102500.0,14120536250.0,12446820000.0,4716334062.5,479941992.1875,20297999.267578125,1726617031.25,-1121336015.625,2054492968.75,482030000.0,471908984.375,463962031.25,2948624062.5,6.833000183105469,9.0,113910302.734375,1,1723462880.3710938,1723462880.3710938,0.9,True,True,True
0,001388,117,44.8,44.89,44.89,44.94,44.63,9:39:01.926,9390321,-4480,605,3,2712510.75,373,233,-3,3142,44.8,44.83,2,3,44.79,44.84,10,6,44.78,44.85,26,5,44.77,44.86,21,13,44.75,44.88,72,11,"(4109,)",0,0,0,0,-0.01,117,31200000.0,15,16,20251231,20250701,156000000.0,12390000.0,0.0,0.0,0.0,0.0,5400.000214576721,20003281250.0,17756281250.0,1436227968.75,188700000.0,24901.0,6027211250.0,0.0,5386005625.0,13939167500.0,6678847500.0,4433140000.0,5348761250.0,760646015.625,46895000.0,-172829003.90625,355821015.625,2081798125.0,759060000.0,705600000.0,705600000.0,6362386250.0,8.9350004196167,9.0,31200000.0,1,1397760000.0,1397760000.0,0.7,True,True,True
0,001395,76,44.0,44.11,44.33,44.44,43.9,9:39:00.606,9390101,-4400,1281,2,5639840.5,592,689,0,310,43.93,44.0,8,7,43.91,44.09,4,30,43.9,44.1,20,9,43.89,44.11,25,10,43.88,44.12,29,13,"(1356,)",0,0,0,0,0.0,76,46890000.0,3,26,20260202,20250127,87240000.0,12350000.0,1257572968.75,6175411250.0,0.0,0.0,16399.999856948853,21395622500.0,13120617500.0,2450235937.5,856660000.0,9736.0,9622943125.0,0.0,4220055000.0,11499713750.0,5392798125.0,3274943125.0,375753984.375,1555505000.0,124541005.859375,-270948007.8125,-1146528984.375,6399307500.0,1606411093.75,1393490937.5,1393490937.5,5786136250.0,13.720000267028809,9.0,46890000.0,1,2063160000.0,2063160000.0,0.95,True,True,True
0,002022,153,6.3,6.31,6.31,6.32,6.27,9:39:25.026,9394171,-630,7924,30,4981508.0,4047,3877,1,2890,6.29,6.3,151,364,6.28,6.31,605,215,6.27,6.32,350,142,6.26,6.33,748,112,6.25,6.34,762,346,"(12,)",0,0,0,0,0.32,153,514252109.375,16,9,20260105,20040721,514349609.375,12270000.0,-1221406562.5,13502236250.0,0.0,0.0,-4499.99988079071,51702070000.0,27165222500.0,8215585000.0,3762301875.0,48108.0,12305007500.0,6030171875.0,2289150937.5,31437390000.0,11912605000.0,7646461250.0,7454572500.0,-2507325937.5,10560999.755859375,-240968984.375,80141997.0703125,8324186250.0,-2517536875.0,-2538199062.5,-2325326875.0,22099525000.0,6.0279998779296875,9.0,514252109.375,1,3239788289.0625,3239788289.0625,0.8,True,True,True
0,002035,146,6.34,6.3,6.3,6.34,6.26,9:39:25.002,9394167,-634,14169,477,8922564.0,3947,10222,0,2048,6.32,6.34,280,976,6.31,6.35,278,1348,6.3,6.36,230,845,6.29,6.37,522,403,6.28,6.38,772,472,"(12,)",0,0,0,0,1.28,146,780017968.75,12,23,20260203,20040901,847653593.75,12380000.0,4037911250.0,45755815000.0,0.0,0.0,4300.000071525574,69929010000.0,47161940000.0,14115885000.0,3069165000.0,36734.0,29685375000.0,437387031.25,225320996.09375,38859060000.0,41576452500.0,23576952500.0,7159831250.0,4049076250.0,209817988.28125,2995363125.0,-5316453125.0,7180834375.0,4068680000.0,3549930000.0,3557596250.0,27923850000.0,4.584000110626221,9.0,780017968.75,1,4945313921.875,4945313921.875,1.0,True,True,True
0,002040,186,10.21,10.28,10.33,10.34,10.2,9:39:22.680,9393780,-1021,9297,119,9515725.0,6096,3201,0,3729,10.2,10.21,735,231,10.19,10.22,85,472,10.18,10.23,233,33,10.17,10.24,103,120,10.16,10.25,230,67,"(12,)",0,0,0,0,0.0,186,486075390.625,26,8,20260129,20050325,487946992.1875,16550000.0,1242685312.5,7271116250.0,0.0,0.0,2899.9999165534973,53823470000.0,9307088125.0,27198545000.0,11010727500.0,42017.0,7173490000.0,6556325000.0,15895862500.0,33781687500.0,7722836250.0,4116826875.0,1492423125.0,2310960937.5,94657998.046875,2315875000.0,2569461875.0,51839003.90625,2313522031.25,1748885000.0,1407355000.0,11590540000.0,6.922999858856201,9.0,486075390.625,1,4962829738.28125,4962829738.28125,0.75,True,True,True
0,002058,116,22.88,23.22,23.0,23.15,22.85,9:39:15.078,9392513,-2288,1595,1,3659003.0,1183,412,0,3473,22.89,22.9,17,10,22.88,22.91,60,2,22.87,22.92,9,7,22.86,22.94,38,2,22.85,22.95,129,12,"(13,)",0,0,0,0,0.0,116,143117802.734375,16,51,20251215,20060802,143448300.78125,12400000.0,-12856300.048828125,5523166250.0,0.0,0.0,13600.000143051147,12498501250.0,7785956875.0,3525435000.0,318025996.09375,7708.0,7027438125.0,2671255937.5,2128000.030517578,400113984.375,5878861250.0,4389735000.0,3621335000.0,2760383125.0,2220436875.0,154160996.09375,-197173007.8125,1984682031.25,2764184062.5,2318413125.0,1953445000.0,-1036496953.125,0.27900001406669617,9.0,143117802.734375,1,3274535326.5625,3274535326.5625,1.0,True,True,True
0,002069,233,4.09,4.13,4.15,4.15,4.03,9:39:26.352,9394392,-409,45244,740,18389830.0,33506,11738,0,3747,4.08,4.09,1339,798,4.07,4.1,443,1316,4.06,4.11,224,106,4.05,4.12,828,1564,4.04,4.13,3150,282,"(13,)",0,0,0,0,0.74,233,710216171.875,5,17,20251030,20060928,711112187.5,10040000.0,-247521093.75,11664550000.0,0.0,0.0,-500.0000074505806,21943427500.0,15294717500.0,3865478125.0,655974062.5,30309.0,18580362500.0,353298007.8125,10231306875.0,181215000.0,10831532500.0,9226835000.0,1424813906.25,-100080000.0,16890000.0,637497031.25,-385863984.375,7091686250.0,-236721992.1875,-400655000.0,-323734003.90625,-19523067500.0,0.02500000037252903,9.0,710216171.875,1,2904784142.96875,2904784142.96875,0.95,True,True,True
0,002072,255,7.72,7.77,7.67,7.75,7.6,9:39:24.174,9394029,-772,40464,23,31062226.0,20105,20359,0,43612,7.72,7.73,202,142,7.7,7.74,152,404,7.69,7.75,76,921,7.68,7.76,292,352,7.67,7.77,124,676,"(13,)",0,0,0,0,0.13,255,367531796.875,19,13,20251031,20061018,367680000.0,15510000.0,-25330900.87890625,5017759375.0,0.0,0.0,-599.9999865889549,991610000.0,952165000.0,6691999.51171875,0.0,11274.0,681656015.625,0.0,6554556875.0,303029003.90625,3824365000.0,3828915000.0,225006015.625,-131456992.1875,0.0,-10739000.244140625,389713984.375,146727001.953125,-212025000.0,-211275996.09375,-211275996.09375,-8123565625.0,0.0820000022649765,9.0,367531796.875,1,2837345471.875,2837345471.875,0.9,True,True,True
0,002084,190,4.25,4.27,4.28,4.28,4.22,9:39:26.256,9394376,-425,16309,3,6919336.0,10126,6183,0,1451,4.25,4.26,972,675,4.24,4.27,1044,440,4.23,4.28,760,1014,4.22,4.29,1258,1549,4.21,4.3,1495,945,"(13,)",0,0,0,0,0.71,190,644634492.1875,12,4,20251030,20061124,646056093.75,12330000.0,-45287099.609375,21551810000.0,0.0,0.0,-1000.0000149011612,32782912500.0,20828006250.0,7950836250.0,1229125000.0,31018.0,14875435000.0,1043900000.0,3728715000.0,13924992500.0,20396330000.0,17725501250.0,6126669375.0,-640646015.625,11770999.755859375,1458423125.0,1249778046.875,6852281250.0,-648325976.5625,-697062968.75,-622643007.8125,3502530000.0,2.1549999713897705,9.0,644634492.1875,1,2739696591.796875,2739696591.796875,0.9,True,True,True
0,002086,172,2.31,2.31,2.31,2.32,2.29,9:39:27.420,9394570,-231,64870,4,14965070.0,26412,38458,0,1197,2.31,2.32,98,11124,2.3,2.33,19724,17371,2.29,2.34,18967,10879,2.28,2.35,18183,9932,2.27,2.36,12498,5038,"(13,)",0,0,0,0,0.87,172,1581286093.75,15,17,20251031,20061128,1958946562.5,10040000.0,-696073906.25,2479113906.25,0.0,0.0,-500.0000074505806,16593181250.0,6250471875.0,8242555000.0,664080000.0,72503.0,1610395937.5,91228994.140625,19941255000.0,13260235000.0,2459684062.5,2451165000.0,796468046.875,-1040585000.0,810000.0,-1073542031.25,-582102968.75,2565857968.75,-1063025937.5,-1063144062.5,-1054030000.0,-26342560000.0,0.6769999861717224,9.0,1581286093.75,1,3652770876.5625,3652770876.5625,1.0,True,True,True
0,002095,193,18.86,18.71,18.76,18.98,18.7,9:39:17.490,9392915,-1886,7176,20,13546235.0,2670,4506,-1,2889,18.85,18.86,14,5,18.84,18.87,6,2,18.82,18.88,3,63,18.81,18.9,11,308,18.8,18.91,329,16,"(13,)",0,0,0,0,-0.1,193,251708398.4375,28,24,20251031,20061215,252720000.0,18640000.0,-148637597.65625,3777409687.5,0.0,0.0,-99.99999776482582,15773523750.0,12874161250.0,420081015.625,0.0,39875.0,4403798750.0,2194980000.0,3261241875.0,8856592500.0,4105640937.5,3638073125.0,61627001.953125,-75978999.0234375,-20102000.732421875,1163223046.875,866537031.25,264701992.1875,-74851000.9765625,-74921000.9765625,-28076000.9765625,2460731093.75,3.503999948501587,9.0,251708398.4375,1,4747220394.53125,4747220394.53125,0.85,True,True,True
0,002098,195,10.29,10.44,10.44,10.46,10.27,9:39:22.632,9393772,-1029,11649,6,12037691.0,8798,2851,0,2203,10.29,10.3,270,152,10.28,10.32,673,223,10.27,10.33,316,20,10.26,10.34,268,126,10.25,10.35,347,56,"(13,)",0,0,0,0,0.0,195,357988789.0625,20,41,20260209,20061222,358000000.0,12410000.0,1717323437.5,18667737500.0,0.0,0.0,4699.999988079071,22233015000.0,12478715000.0,6645305000.0,497500000.0,22808.0,7065838125.0,69351000.9765625,3275694062.5,14547018750.0,20384601250.0,13561065000.0,4710369062.5,1896478906.25,3236999.8168945312,1906936875.0,-241217988.28125,3166480000.0,1882760000.0,1668185937.5,1668973125.0,6690278125.0,4.063000202178955,9.0,357988789.0625,1,3683704639.4531245,3683704639.4531245,0.9,True,True,True
0,002105,188,7.34,7.31,7.34,7.35,7.29,9:39:24.402,9394067,-734,7176,35,5250534.0,2837,4339,-1,991,7.34,7.35,244,542,7.33,7.36,255,269,7.32,7.37,267,1318,7.31,7.38,43,1255,7.3,7.39,86,550,"(13,)",0,0,0,0,0.69,188,364471015.625,18,32,20251224,20070112,366241992.1875,12370000.0,8376500.244140625,8181268125.0,0.0,0.0,-799.9999821186066,16084072500.0,8949081875.0,4591630937.5,1256151953.125,34592.0,5418643125.0,690672031.25,175215996.09375,8420109375.0,8638913125.0,7591421250.0,2687680000.0,-295593984.375,-24593999.0234375,592148007.8125,-6435000.0,1742971093.75,-265158007.8125,-323799003.90625,-301387011.71875,3547465000.0,2.2880001068115234,9.0,364471015.625,1,2675217254.6875,2675217254.6875,0.85,True,True,True
0,002107,199,7.34,7.28,7.26,7.37,7.21,9:39:24.402,9394067,-734,16271,10,11857619.0,5000,11271,1,1924,7.33,7.34,38,331,7.32,7.35,47,241,7.31,7.36,265,428,7.3,7.37,157,373,7.29,7.38,194,390,"(12,)",0,0,0,0,0.69,199,571393984.375,15,34,20260120,20070124,577209609.375,12270000.0,364033789.0625,7637933750.0,0.0,0.0,1700.0000178813934,9773700000.0,5667708750.0,3253249062.5,343396992.1875,40066.0,2407310000.0,-29182998.046875,0.0,7238184375.0,8169524375.0,2011146093.75,671250937.5,1035980000.0,17630999.755859375,1285255937.5,511616015.625,934624062.5,1023795000.0,887910000.0,957151953.125,846608984.375,1.253999948501587,12.0,571393984.375,1,4194031845.3125,4194031845.3125,0.8,True,True,True
0,002133,191,3.84,3.89,3.9,3.9,3.82,9:39:26.502,9394417,-384,22626,100,8720531.0,12267,10359,-1,3994,3.84,3.85,1113,266,3.83,3.86,785,394,3.82,3.87,985,368,3.81,3.88,910,200,3.8,3.89,952,433,"(13,)",0,0,0,0,0.0,191,769870234.375,28,11,20251031,20070427,774144062.5,20700000.0,-1520600781.25,33508780000.0,0.0,0.0,1199.9999731779099,75578745000.0,57312440000.0,6962290000.0,85544003.90625,29287.0,32599750000.0,1655450937.5,8446285000.0,29386810000.0,38964985000.0,35345770000.0,978505937.5,1555080000.0,368066992.1875,4486978750.0,-2458725000.0,37246635000.0,1544861093.75,810528984.375,946521953.125,10646460000.0,3.7960000038146973,9.0,769870234.375,1,2956301700.0,2956301700.0,1.0,True,True,True
0,002141,213,4.06,3.88,3.89,4.08,3.88,9:39:26.370,9394395,-406,164504,411,65947588.0,48784,115721,0,5493,4.05,4.06,1611,313,4.04,4.07,3349,2435,4.03,4.08,1829,4245,4.02,4.09,1581,2215,4.01,4.1,1446,4336,"(3213,)",0,0,0,0,1.0,213,1018970937.5,12,43,20251030,20070720,1032935781.25,12380000.0,15973199.462890625,455515781.25,0.0,0.0,399.9999910593033,12444577500.0,8746790625.0,1213158984.375,236379003.90625,40293.0,3157196250.0,489375000.0,1718089062.5,8318043125.0,9310386250.0,8647036250.0,4705787812.5,407798984.375,1658000.0305175781,117368007.8125,-511896015.625,716743046.875,407558007.8125,405095000.0,422833007.8125,-3759565000.0,0.8050000071525574,9.0,1018970937.5,1,4137022006.2499995,4137022006.2499995,0.8,True,True,True
0,002148,168,8.79,8.76,8.78,8.83,8.72,9:39:23.532,9393922,-879,9730,1,8548054.0,5488,4242,-1,2125,8.79,8.8,852,395,8.78,8.81,311,188,8.77,8.82,53,156,8.76,8.83,118,395,8.75,8.84,426,385,"(13,)",0,0,0,0,0.11,168,449317617.1875,7,24,20260202,20070810,558987304.6875,18650000.0,135613798.828125,2059081875.0,0.0,0.0,-0.0,14127505000.0,6795440000.0,1659753906.25,53046000.9765625,81400.0,1534445937.5,94328994.140625,2073024062.5,12217502500.0,2891155000.0,1852656093.75,565399023.4375,-24178999.0234375,352000.00762939453,-177659003.90625,142968007.8125,36642001.953125,-24241000.9765625,-18635999.755859375,-2753000.1831054688,4091890000.0,2.186000108718872,9.0,449317617.1875,1,3949501855.0781245,3949501855.0781245,0.95,True,True,True
0,002154,163,4.09,4.1,4.09,4.09,4.07,9:39:26.352,9394392,-409,14803,27,6038356.0,8908,5895,0,2352,4.08,4.09,4887,1535,4.07,4.1,9741,3617,4.06,4.11,7541,6760,4.05,4.12,3725,8099,4.04,4.13,3462,2056,"(780,)",0,0,0,0,0.49,163,1179772578.125,28,41,20251028,20070816,1459333750.0,12180000.0,4152670312.5,35357855000.0,0.0,0.0,1599.9999642372131,69213710000.0,41766112500.0,8176280000.0,5177135937.5,75366.0,21599640000.0,1234019062.5,7707882500.0,45332330000.0,34795345000.0,11980077500.0,6496550000.0,3326992187.5,138499003.90625,959136015.625,-231845000.0,14097148750.0,3213111875.0,2442110000.0,2359655000.0,19244175000.0,3.1059999465942383,9.0,1179772578.125,1,4825269844.53125,4825269844.53125,0.95,True,True,True
0,002159,204,17.23,16.7,16.88,17.35,16.69,9:39:18.468,9393078,-1723,21508,409,36784712.0,9703,11806,-8,3444,17.24,17.31,32,95,17.23,17.32,167,31,17.22,17.33,41,10,17.21,17.34,32,18,17.2,17.35,44,47,"(3725,)",0,0,0,0,1.95,204,138472597.65625,19,10,20251029,20070817,177301308.59375,23780000.0,1554339531.25,5534315000.0,0.0,0.0,7799.999713897705,18770767500.0,4760903750.0,8106650625.0,1213991015.625,13898.0,2077310000.0,527100976.5625,8374350000.0,14624231250.0,5032084062.5,1946759062.5,65373999.0234375,1942445000.0,-5266999.51171875,1930192968.75,-614858984.375,83396992.1875,1927010000.0,1455320000.0,1382250937.5,3533055937.5,8.248000144958496,9.0,138472597.65625,1,2385882857.6171875,2385882857.6171875,0.85,True,True,True
0,002172,193,4.48,4.44,4.45,4.5,4.43,9:39:26.118,9394353,-448,49453,3,22148026.0,14798,34655,0,4236,4.48,4.49,684,3775,4.47,4.5,2940,5132,4.46,4.51,1521,2069,4.45,4.52,3377,2084,4.44,4.53,1120,1257,"(13,)",0,0,0,0,0.0,193,765272031.25,26,9,20260123,20070921,765732265.625,26840000.0,386780703.125,15013922500.0,0.0,0.0,500.0000074505806,19288417500.0,10555126250.0,7666763125.0,611656992.1875,50324.0,16345476250.0,-196554003.90625,12641063750.0,1746360937.5,13603981250.0,11662452500.0,3202425000.0,561996015.625,19927000.732421875,-286554003.90625,-429585976.5625,1335976875.0,605868007.8125,407151992.1875,401136015.625,-18924087500.0,0.2280000001192093,9.0,765272031.25,1,3428418700.0000005,3428418700.0000005,0.8,True,True,True
0,002178,193,6.58,6.57,6.57,6.6,6.54,9:39:24.858,9394143,-658,13961,162,9183953.0,5100,8861,0,3456,6.58,6.59,781,1043,6.57,6.6,1473,2338,6.56,6.61,2163,210,6.55,6.62,1894,404,6.54,6.63,1981,870,"(13,)",0,0,0,0,0.15,193,711783125.0,16,21,20251030,20071101,712152968.75,18650000.0,-87629804.6875,4040772500.0,0.0,0.0,99.99999776482582,13703490000.0,8709560000.0,810250937.5,557243984.375,104328.0,7460821875.0,1120950937.5,2326732031.25,4360728750.0,3040184062.5,2340035000.0,2799805000.0,82769003.90625,217409003.90625,-336488984.375,-219850996.09375,435902968.75,83124003.90625,67021000.9765625,71945000.0,-5383578125.0,0.6119999885559082,9.0,711783125.0,1,4683532962.5,4683532962.5,0.95,True,True,True
0,002186,168,12.21,12.35,12.35,12.39,12.21,9:39:21.480,9393580,-1221,11201,60,13744515.0,8429,2772,0,6311,12.2,12.21,836,132,12.19,12.22,386,133,12.18,12.23,201,315,12.17,12.24,159,472,12.16,12.25,76,10,"(12,)",0,0,0,0,-0.32,168,306511308.59375,7,10,20251022,20071120,306921601.5625,17620000.0,704516093.75,10843742500.0,0.0,0.0,900.0000357627869,15380640000.0,3581335000.0,2671909062.5,816750000.0,37011.0,4645045000.0,344887968.75,5344105000.0,8649863125.0,9583465625.0,7878427500.0,696725000.0,276855000.0,128855000.0,968637968.75,-13816000.9765625,891237031.25,279753007.8125,273282011.71875,261738984.375,-1322397031.25,2.818000078201294,9.0,306511308.59375,1,3742503077.929688,3742503077.929688,0.85,True,True,True
0,002198,151,7.1,7.05,7.09,7.11,7.01,9:39:24.546,9394091,-710,11508,27,8111298.0,6223,5285,0,5027,7.09,7.1,51,260,7.08,7.11,88,273,7.07,7.12,219,507,7.06,7.13,147,325,7.05,7.14,168,353,"(12,)",0,0,0,0,1.0,151,507480703.125,12,34,20260126,20071218,507509804.6875,12270000.0,28733500.9765625,2596046250.0,0.0,0.0,399.9999910593033,7747263125.0,4661081875.0,1700792968.75,466964023.4375,25561.0,307640996.09375,0.0,1236528984.375,7090082500.0,2934361875.0,1279007031.25,1356967031.25,256404003.90625,-1170999.984741211,-712271015.625,-2058013125.0,853905937.5,257410000.0,217941992.1875,217941992.1875,1210848046.875,1.3969999551773071,9.0,507480703.125,1,3603112992.1875,3603112992.1875,0.8,True,True,True
0,002205,158,14.66,14.81,14.79,14.79,14.61,9:39:20.010,9393335,-1466,3515,4,5159751.0,2568,947,0,917,14.65,14.66,8,11,14.64,14.67,14,8,14.63,14.69,34,60,14.62,14.71,50,6,14.61,14.72,42,5,"(13,)",0,0,0,0,0.14,158,185843203.125,2,21,20260204,20080123,185843203.125,12300000.0,-307800195.3125,3800831250.0,0.0,0.0,-1199.9999731779099,40075952500.0,11631490000.0,4024818125.0,1620245937.5,17877.0,24601815000.0,1266851953.125,4564940000.0,3598373125.0,4436634062.5,2996908125.0,6352288125.0,-231915000.0,0.0,-719218984.375,-650696015.625,1638870000.0,-269256015.625,-265009003.90625,-219296992.1875,-4327190937.5,1.9359999895095825,9.0,185843203.125,1,2724461357.8125,2724461357.8125,1.0,True,True,True
0,002211,80,3.67,3.67,3.68,3.69,3.65,9:39:26.604,9394434,-367,7282,6,2674166.0,3846,3436,0,872,3.67,3.68,211,294,3.66,3.69,430,1017,3.65,3.7,658,521,3.64,3.71,951,859,3.63,3.72,952,1006,"(13,)",0,0,0,0,0.0,80,432475781.25,16,19,20251029,20080201,432475781.25,12260000.0,-180559707.03125,2222514843.75,0.0,0.0,-199.99999552965164,3797659062.5,2865645000.0,443543007.8125,212166992.1875,26340.0,3153444062.5,0.0,10273513125.0,135678007.8125,3275056875.0,3002186875.0,266584003.90625,-28521999.51171875,255000.0,186943007.8125,249162988.28125,387193007.8125,-105920996.09375,-106537001.953125,-106537001.953125,-14751537500.0,0.03099999949336052,9.0,432475781.25,1,1587186117.1875,1587186117.1875,1.0,True,True,True
0,002224,161,4.69,4.7,4.71,4.71,4.66,9:39:25.992,9394332,-469,16712,1,7813769.0,7927,8785,0,1884,4.68,4.69,814,2383,4.67,4.7,3207,2026,4.66,4.71,2972,2035,4.65,4.72,3802,2549,4.64,4.73,2032,1629,"(12,)",0,0,0,0,0.64,161,806380390.625,28,19,20260205,20080425,902116328.125,12290000.0,509791406.25,5867110000.0,0.0,0.0,399.9999910593033,42016405000.0,20693481250.0,8704384375.0,2444276875.0,47550.0,6870286250.0,12860000.0,10232468125.0,32412750000.0,7143036875.0,5595485000.0,1186207031.25,406380000.0,-17080999.755859375,-632928984.375,1216142031.25,4286764062.5,394321015.625,281974003.90625,276511015.625,11786132500.0,3.5929999351501465,9.0,806380390.625,1,3781924032.0312505,3781924032.0312505,1.0,True,True,True
0,002234,147,9.32,9.38,9.38,9.38,9.29,9:39:23.214,9393869,-932,7263,41,6768336.0,4569,2694,0,628,9.32,9.33,94,140,9.31,9.34,125,132,9.3,9.35,136,47,9.29,9.36,188,14,9.28,9.37,505,628,"(12,)",0,0,0,0,0.22,147,301408593.75,15,17,20251025,20080516,348960195.3125,10030000.0,-2172270937.5,15762081250.0,0.0,0.0,-6600.000262260437,37045462500.0,12490460000.0,17385497500.0,1055988984.375,30439.0,16288081250.0,-198282988.28125,13817942500.0,18079412500.0,15443418750.0,14898517500.0,732016015.625,-2345138125.0,-190300996.09375,981182031.25,384245000.0,5718781875.0,-2336115000.0,-2336560000.0,-2303500937.5,-1834767031.25,5.181000232696533,9.0,301408593.75,1,2809128093.75,2809128093.75,1.0,True,True,True
0,002247,189,3.03,3.02,3.05,3.05,3.0,9:39:26.988,9394498,-303,34745,34,10494959.0,23407,11338,0,11956,3.02,3.03,2867,1029,3.01,3.04,2308,2906,3.0,3.05,1218,7498,2.99,3.06,1376,1452,2.98,3.07,1781,1390,"(12,)",0,0,0,0,1.0,189,643540703.125,28,38,20251028,20080612,850870078.125,12220000.0,2205310312.5,6284179375.0,0.0,0.0,500.0000074505806,9505203125.0,5718082500.0,2498370000.0,671665000.0,25737.0,2624461875.0,37311999.51171875,30241745000.0,6654380000.0,5879120000.0,4561712187.5,1964592968.75,461506992.1875,12315000.0,17533000.48828125,-1065421015.625,901561015.625,453808984.375,409835000.0,421656992.1875,-32669320000.0,0.7820000052452087,9.0,643540703.125,1,1949928330.4687498,1949928330.4687498,0.95,True,True,True
0,002269,178,1.92,1.91,1.91,1.92,1.89,9:39:27.654,9394609,-192,78583,10,14956819.0,40205,38379,0,2428,1.91,1.92,14697,34211,1.9,1.93,49390,29243,1.89,1.94,64232,32085,1.88,1.95,58749,34404,1.87,1.96,11654,20853,"(4940,)",0,0,0,0,1.59,178,2512500000.0,16,41,20251031,20080828,2512500000.0,12180000.0,518205781.25,5250704375.0,0.0,0.0,-299.99999329447746,18605501250.0,6733146875.0,1353425000.0,34917998.046875,105852.0,14089897500.0,0.0,1799071093.75,1879722031.25,3291634062.5,1946128906.25,894682968.75,-677727031.25,0.0,-1533363906.25,-288112011.71875,2980051875.0,-689843984.375,-689843984.375,-689843984.375,-32789875000.0,0.07500000298023224,9.0,2512500000.0,1,4824000000.0,4824000000.0,0.9,True,True,True
0,002282,121,7.83,7.85,7.86,7.86,7.8,9:39:24.108,9394018,-783,5021,49,3931130.75,3292,1729,-1,1360,7.83,7.84,139,576,7.82,7.85,253,55,7.81,7.86,362,187,7.8,7.87,247,189,7.79,7.88,107,147,"(141,)",0,0,0,0,0.0,121,505007695.3125,11,26,20260203,20090821,526838398.4375,12300000.0,1647512343.75,12476738750.0,0.0,0.0,3000.0001192092896,40022587500.0,21088505000.0,5371953125.0,1146041015.625,23347.0,3230940000.0,0.0,20456576250.0,36196080000.0,12737847500.0,9267061250.0,5058650000.0,1828413125.0,22320000.0,686007968.75,-400941992.1875,4737015000.0,1814948125.0,1556373125.0,1556373125.0,9199325000.0,6.869999885559082,9.0,505007695.3125,1,3954210254.296875,3954210254.296875,1.0,True,True,True
0,002286,224,10.34,10.53,10.53,10.53,10.33,9:39:22.602,9393767,-1034,24249,23,25262876.0,15833,8416,-1,6529,10.34,10.35,163,206,10.33,10.36,18,242,10.32,10.37,159,42,10.31,10.38,771,11,10.3,10.39,3366,78,"(13,)",0,0,0,0,-0.76,224,369552109.375,15,14,20260203,20090828,380567382.8125,12130000.0,1010718671.875,18334452500.0,0.0,0.0,3600.0001430511475,27345675000.0,8786853125.0,12924977500.0,1149273046.875,32739.0,4813248125.0,0.0,8591857500.0,22021542500.0,21263655000.0,18436065000.0,2807497187.5,1598820937.5,23611999.51171875,1580463906.25,-93640000.0,2500170000.0,1598320937.5,1340015000.0,1340015000.0,8157706250.0,5.793000221252441,9.0,369552109.375,1,3821168810.9375,3821168810.9375,0.75,True,True,True
0,002303,160,4.23,4.2,4.2,4.23,4.2,9:39:26.268,9394378,-423,24480,65,10309899.0,7538,16942,0,2268,4.22,4.23,1352,2798,4.21,4.24,2335,4250,4.2,4.25,3994,3811,4.19,4.26,1540,3836,4.18,4.27,2532,3679,"(12,)",0,0,0,0,0.48,160,966937031.25,18,38,20251028,20091103,1531323750.0,12220000.0,2187366875.0,29436322500.0,0.0,0.0,1700.0000178813934,73153010000.0,34808977500.0,14996706250.0,2755070000.0,55554.0,24054630000.0,603195000.0,12425375000.0,45232910000.0,30002295000.0,21840565000.0,11826231250.0,3119671250.0,3136000.0610351562,2222238125.0,1268087031.25,3634523750.0,3137406875.0,2622908125.0,2601340937.5,7781490000.0,2.9539999961853027,9.0,966937031.25,1,4090143642.1875005,4090143642.1875005,1.0,True,True,True
0,002306,88,2.2,2.22,2.23,2.23,2.19,9:39:27.486,9394581,-220,29033,10,6410216.0,15988,13045,1,7149,2.19,2.2,5303,3350,2.18,2.21,4590,3078,2.17,2.22,1497,3090,2.16,2.23,928,3902,2.15,2.24,123,2248,"(12,)",0,0,0,0,0.0,88,813919375.0,7,10,20251025,20091111,869762500.0,17620000.0,-385825703.125,1114225468.75,0.0,0.0,-199.99999552965164,7592359375.0,1262767968.75,1073508984.375,362487031.25,38362.0,5796645000.0,1057480937.5,4792819062.5,-381256015.625,2005509062.5,1849090937.5,475562031.25,-294490996.09375,88999.99618530273,-416887968.75,-62387001.953125,47601997.0703125,-278095000.0,-278528007.8125,-201567011.71875,-13172287500.0,-0.04399999976158142,9.0,813919375.0,1,1790622625.0000002,1790622625.0000002,1.0,True,True,True
0,002313,184,10.14,10.02,10.02,10.18,10.0,9:39:22.722,9393787,-1014,12110,152,12246038.0,4536,7574,-1,1313,10.14,10.15,6,16,10.13,10.16,4,355,10.12,10.17,69,117,10.11,10.18,25,288,10.1,10.19,343,200,"(13,)",0,0,0,0,0.4,184,374373710.9375,18,24,20251027,20091203,374400000.0,12390000.0,-794212734.375,23127920000.0,0.0,0.0,-1500.0000596046448,30258377500.0,19580220000.0,1349861093.75,2287731093.75,55598.0,24569115000.0,-48326997.0703125,20577340000.0,133793994.140625,20069861250.0,16693687500.0,7651603125.0,-274106015.625,-15765000.0,1795392031.25,-13236999.51171875,3164871250.0,-506373007.8125,-547105000.0,-547950976.5625,-23054122500.0,0.035999998450279236,9.0,374373710.9375,1,3796149428.90625,3796149428.90625,1.0,True,True,True
0,002322,230,13.48,13.72,13.49,13.58,13.34,9:39:20.718,9393453,-1348,19673,68,26449932.0,12233,7440,-1,34575,13.48,13.49,8,21,13.47,13.5,110,73,13.46,13.51,65,64,13.45,13.52,235,37,13.44,13.53,47,104,"(13,)",0,0,0,0,0.22,230,351399687.5,28,24,20260113,20091218,365528007.8125,18650000.0,1865728125.0,6113166875.0,0.0,0.0,3899.9998569488525,30875985000.0,11324927500.0,2881755000.0,138585000.0,26135.0,3051546250.0,-1986000.0610351562,16794805000.0,27769980000.0,6149832500.0,1932481093.75,4683585937.5,1457542968.75,68060996.09375,2316245000.0,-1082065000.0,1775706093.75,1462979062.5,1376380000.0,1376380937.5,8486963125.0,7.323999881744385,9.0,351399687.5,1,4736867787.5,4736867787.5,1.0,True,True,True
0,002327,134,7.08,7.1,7.09,7.1,7.04,9:39:22.758,9393793,-708,3368,3,2379029.0,1628,1740,0,908,7.07,7.08,156,333,7.06,7.09,278,392,7.05,7.1,389,341,7.04,7.11,931,565,7.03,7.12,1313,581,"(12,)",0,0,0,0,0.43,134,490947695.3125,18,15,20260106,20091230,838245468.75,12170000.0,2931913750.0,18869960000.0,0.0,0.0,1899.999976158142,45640260000.0,22941755000.0,11200365000.0,905067968.75,32301.0,9452618125.0,0.0,1183942968.75,34737845000.0,16265936250.0,7559300000.0,2415365937.5,2154272031.25,74445000.0,4011646250.0,-1721265000.0,8319532500.0,2165443906.25,1597237968.75,1597237968.75,22990840000.0,4.144000053405762,9.0,490947695.3125,1,3475909682.8125,3475909682.8125,1.0,True,True,True
0,002329,210,3.9,3.94,3.93,3.93,3.89,9:39:26.466,9394411,-390,28179,104,10989662.0,19784,8395,1,2016,3.89,3.9,3414,2357,3.88,3.91,3450,2161,3.87,3.92,3112,1479,3.86,3.93,2021,949,3.85,3.94,1747,1540,"(12,)",0,0,0,0,0.26,210,650388906.25,10,14,20251029,20100106,832403984.375,12140000.0,-146555000.0,15099575000.0,0.0,0.0,-599.9999865889549,46366510000.0,18356817500.0,13152126250.0,1276985000.0,64519.0,23302140000.0,1147205000.0,11696261250.0,8850436250.0,13141726250.0,10009496250.0,4051030000.0,-420287031.25,3502999.8779296875,-262300000.0,-1343265937.5,3148844062.5,-437939023.4375,-530371015.625,-492447031.25,-11006572500.0,1.0740000009536743,9.0,650388906.25,1,2536516734.375,2536516734.375,0.8,True,True,True
0,002330,182,5.34,5.36,5.35,5.35,5.29,9:39:25.602,9394267,-534,21443,2,11418619.0,13065,8378,0,6120,5.33,5.34,910,68,5.32,5.35,1430,328,5.31,5.36,1415,616,5.3,5.37,1384,865,5.29,5.38,1235,1190,"(140,)",0,0,0,0,0.57,182,635178710.9375,15,14,20260203,20100106,635315312.5,12130000.0,66301098.6328125,20817201250.0,0.0,0.0,99.99999776482582,35341155000.0,17627398750.0,12163981250.0,1860572031.25,36746.0,11116772500.0,-82515000.0,13282326250.0,22907940000.0,23928870000.0,21930935000.0,2244475937.5,81546000.9765625,-1383999.9389648438,-311907011.71875,-1488674062.5,4331795000.0,71993999.0234375,96828007.8125,54037998.046875,3191553750.0,3.6059999465942383,9.0,635178710.9375,1,3391854316.40625,3391854316.40625,0.9,True,True,True
0,002333,175,6.31,6.34,6.46,6.47,6.28,9:39:25.020,9394170,-631,17754,1,11273729.0,11070,6684,1,7184,6.3,6.31,57,530,6.29,6.32,814,75,6.28,6.33,841,761,6.27,6.34,190,474,6.26,6.36,252,60,"(12,)",0,0,0,0,0.16,175,652563085.9375,26,36,20260203,20100112,674924765.625,12320000.0,447731406.25,12029747500.0,0.0,0.0,700.0000029802322,31904670000.0,20020737500.0,6503138125.0,862576953.125,18464.0,11414907500.0,268229003.90625,7673288125.0,19139587500.0,11807897500.0,10189363125.0,7256838125.0,523678984.375,14499000.244140625,-993591015.625,-1094361015.625,3460153125.0,515143984.375,449745000.0,439922031.25,3663490000.0,2.8359999656677246,9.0,652563085.9375,1,4117673072.2656245,4117673072.2656245,1.0,True,True,True
0,002337,165,6.82,6.82,6.82,6.85,6.79,9:39:24.714,9394119,-682,15852,45,10811384.0,9132,6720,0,955,6.81,6.82,140,933,6.8,6.83,492,1941,6.79,6.84,300,196,6.78,6.85,430,701,6.77,6.86,191,879,"(13,)",0,0,0,0,0.29,165,587996484.375,9,26,20251029,20100115,588615703.125,12350000.0,461728085.9375,6072958750.0,0.0,0.0,799.9999821186066,20630722500.0,18129897500.0,1591634062.5,253265000.0,50639.0,6650363125.0,698881953.125,4376376250.0,13168250000.0,4945171250.0,3384251875.0,3568326875.0,604999023.4375,11655000.0,-754875937.5,114387001.953125,5462816250.0,605087031.25,496387031.25,496847031.25,2094032968.75,2.236999988555908,9.0,587996484.375,1,4010136023.4375,4010136023.4375,0.95,True,True,True
0,002343,263,8.19,8.0,8.16,8.21,7.97,9:39:23.892,9393982,-819,193121,2767,156934448.0,93568,99553,4,100686,8.16,8.19,42,143,8.15,8.2,316,2355,8.14,8.21,163,615,8.13,8.22,285,246,8.12,8.23,606,141,"(1292,)",0,0,0,0,1.11,263,473680312.5,22,18,20260202,20100126,473680312.5,27870000.0,114089199.21875,525651484.375,0.0,0.0,-599.9999865889549,17644931250.0,14561873750.0,7104000.244140625,1328000.0305175781,42356.0,6329713125.0,-77077001.953125,8520811250.0,9623592500.0,1925780000.0,1785720000.0,3873173750.0,-364471992.1875,4638000.183105469,-1085145000.0,-561465000.0,8079005000.0,-309662011.71875,-275624003.90625,-274062988.28125,-5266145000.0,2.0260000228881836,9.0,473680312.5,1,3879441759.375,3879441759.375,0.75,True,True,True
0,002360,174,5.39,5.38,5.41,5.41,5.36,9:39:25.572,9394262,-539,11612,17,6254966.0,5010,6602,1,2245,5.38,5.39,127,773,5.37,5.4,1962,292,5.36,5.41,415,233,5.35,5.42,326,476,5.34,5.43,577,819,"(12,)",0,0,0,0,0.0,174,327522207.03125,17,19,20260203,20100303,401774296.875,12260000.0,393066406.25,4165843125.0,0.0,0.0,-199.99999552965164,45671755000.0,6386417500.0,3793057812.5,1933236875.0,20342.0,16552311250.0,-75416997.0703125,928595000.0,19993692500.0,3310800000.0,2089510000.0,1241501953.125,-93849003.90625,54435000.0,514921015.625,-1071778046.875,369923984.375,-68821997.0703125,-163657998.046875,-99369003.90625,12540022500.0,4.97599983215332,9.0,327522207.03125,1,1765344695.8984375,1765344695.8984375,0.85,True,True,True
0,002374,220,3.67,3.69,3.69,3.69,3.61,9:39:26.604,9394434,-367,60223,10,21927130.0,34440,25783,-1,7819,3.67,3.68,3687,2192,3.66,3.69,1122,1126,3.65,3.7,745,1664,3.64,3.71,1339,1194,3.63,3.72,3288,2341,"(13,)",0,0,0,0,1.38,220,1085209296.875,15,46,20260202,20100318,1085209296.875,12330000.0,-826682812.5,4593080000.0,0.0,0.0,-900.0000357627869,32026445000.0,20976595000.0,4370548125.0,533306015.625,57592.0,18105486250.0,-599121015.625,20629687500.0,8426452500.0,4030928750.0,3512970000.0,16116697500.0,-985842968.75,-20746999.51171875,250378007.8125,-312195000.0,1317757031.25,-1004275000.0,-976420000.0,-944370000.0,-23210335000.0,0.7760000228881836,9.0,1085209296.875,1,3982718119.53125,3982718119.53125,0.75,True,True,True
0,002381,144,7.11,7.13,7.14,7.15,7.04,9:39:20.940,9393490,-711,4825,3,3428002.0,2754,2071,0,1799,7.1,7.11,259,6,7.09,7.12,51,76,7.08,7.13,62,150,7.07,7.14,95,786,7.06,7.15,62,1854,"(12,)",0,0,0,0,0.28,144,320396601.5625,28,19,20260105,20100402,411577812.5,12290000.0,1396161562.5,19342431250.0,0.0,0.0,1299.9999523162842,37925170000.0,22043852500.0,10217793125.0,1991859062.5,23357.0,9428356250.0,92707998.046875,5680476250.0,21457672500.0,19613751250.0,16557970000.0,8627585000.0,719118046.875,-23156000.9765625,1737942968.75,953917031.25,5057137812.5,714958984.375,510958007.8125,536641992.1875,9388402500.0,5.1570000648498535,9.0,320396601.5625,1,2278019837.109375,2278019837.109375,1.0,True,True,True
