market,code,active1,price,last_close,open,high,low,servertime,reversed_bytes0,reversed_bytes1,vol,cur_vol,amount,s_vol,b_vol,reversed_bytes2,reversed_bytes3,bid1,ask1,bid_vol1,ask_vol1,bid2,ask2,bid_vol2,ask_vol2,bid3,ask3,bid_vol3,ask_vol3,bid4,ask4,bid_vol4,ask_vol4,bid5,ask5,bid_vol5,ask_vol5,reversed_bytes4,reversed_bytes5,reversed_bytes6,reversed_bytes7,reversed_bytes8,reversed_bytes9,active2,liutongguben,province,industry,updated_date,ipo_date,zongguben,guojiagu,faqirenfarengu,farengu,bgu,hgu,zhigonggu,zongzichan,liudongzichan,gudingzichan,wuxingzichan,gudongrenshu,liudongfuzhai,changqifuzhai,zibengongjijin,jingzichan,zhuyingshouru,zhuyinglirun,yingshouzhangkuan,yingyelirun,touzishouyu,jingyingxianjinliu,zongxianjinliu,cunhuo,lirunzonghe,shuihoulirun,jinglirun,weifenpeilirun,meigujingzichan,baoliu2,流通盘,circulating
0,000001,2219,11.03,11.05,11.05,11.11,11.01,11:29:53.388,11298898,-1103,435468,217,481527104.0,215266,220202,0,48659,11.03,11.04,13802,706,11.02,11.05,11396,6905,11.01,11.06,13250,5777,11.0,11.07,13946,6315,10.99,11.08,5480,19833,"(885,)",0,0,0,0,-0.08,2219,19405601250.0,18,1,20251028,19910403,19405918750.0,19660000.0,397290000000.0,1115820000000.0,0.0,0.0,18700.00004768372,57667640320000.0,0.0,79280000000.0,56840000000.0,453515.0,0.0,0.0,806370000000.0,5179299840000.0,1006680000000.0,545710000000.0,0.0,460970000000.0,162750000000.0,717830000000.0,-220430000000.0,0.0,459200000000.0,383390000000.0,383390000000.0,2680470080000.0,23.07999992370605,9.0,214043781787.5,214043781787.5
0,000002,2364,4.95,4.81,4.83,5.07,4.83,11:29:57.036,11299506,-495,2201975,70,1093437952.0,1029660,1172316,1,61109,4.94,4.95,10105,1640,4.93,4.96,12628,4477,4.92,4.97,11643,12381,4.91,4.98,12394,11701,4.9,4.99,21688,11356,"(6004,)",0,0,0,0,0.0,2364,9716399375.0,18,11,20251031,19910129,11930710000.0,20700000.0,-179432980000.0,2198948160000.0,0.0,2206512968.75,-23599.99895095825,11365945600000.0,7829856000000.0,201260660000.0,78403005000.0,493176.0,5996908160000.0,1252742400000.0,269267400000.0,1757558240000.0,1613884160000.0,1459202880000.0,95884040000.0,-240635360000.0,-29620190000.0,-58893480000.0,-234534080000.0,4230761600000.0,-257841280000.0,-282366580000.0,-280158360000.0,161220380000.0,14.730999946594238,9.0,48096176906.25,48096176906.25
0,000004,195,9.28,9.77,9.28,9.28,9.28,11:29:54.438,11299073,-928,2687,10,2493536.0,172,2515,0,3183,0.0,9.28,0,176757,0.0,9.29,0,259,0.0,9.3,0,122,0.0,9.31,0,1,0.0,9.32,0,1,"(52,)",0,0,0,0,0.0,195,126287802.734375,18,24,20260204,19901201,132380302.734375,18650000.0,-358267500.0,758943828.125,0.0,0.0,-2000.0000298023224,2605456093.75,1487138906.25,104964003.90625,251696992.1875,15236.0,1705986875.0,72962998.046875,12321915000.0,369476992.1875,510224023.4375,155399003.90625,462230000.0,-242540000.0,602781015.625,-123660996.09375,-173942011.71875,39596999.51171875,-342360000.0,-343110000.0,-270908007.8125,-13410381250.0,0.2790000140666961,9.0,1171950809.375,1171950809.375
0,000006,1618,9.27,8.98,9.18,9.53,9.16,11:29:54.444,11299074,-927,206757,7,193177584.0,103713,103044,0,24336,9.27,9.28,60,462,9.26,9.29,497,140,9.25,9.3,450,107,9.24,9.31,476,231,9.23,9.32,277,185,"(1269,)",0,0,0,0,0.0,1618,1349987343.75,18,11,20251030,19920427,1349995000.0,20700000.0,-5235375625.0,48276280000.0,0.0,0.0,-99.99999776482582,172693120000.0,154213410000.0,600637031.25,0.0,56467.0,86650410000.0,7825318750.0,4843215937.5,53967790000.0,22044715000.0,17958687500.0,465175000.0,232821992.1875,10164000.244140623,5012137812.5,-813067031.25,110733190000.0,258800996.09375,85747998.046875,-69970000.0,13841965000.0,3.997999906539917,9.0,12514382676.5625,12514382676.5625
0,000007,1361,12.25,11.82,11.87,12.45,11.75,11:29:52.656,11298776,-1225,96858,1,116969872.0,45995,50864,0,19740,12.24,12.25,135,548,12.23,12.26,10,271,12.22,12.27,59,8,12.21,12.28,300,193,12.19,12.29,14,21,"(3700,)",0,0,0,0,0.25,1361,346448007.8125,18,10,20251031,19920413,346448007.8125,20700000.0,31760900.87890625,1542256875.0,0.0,0.0,99.99999776482582,3705430937.5,2598828906.25,435443007.8125,945999.9847412108,12551.0,1599967031.25,144065000.0,1570240937.5,1826725937.5,2998466875.0,2659123125.0,550212031.25,28079001.46484375,1138000.030517578,2837065937.5,-257132011.71875,549862968.75,35642998.046875,24640000.0,34179001.46484375,-3279330937.5,0.5270000100135803,9.0,4243988095.703125,4243988095.703125
0,000008,1618,3.07,2.99,3.02,3.1,3.0,11:29:58.164,11299694,-307,360641,1,110075288.0,135207,225435,0,5847,3.07,3.08,2742,12461,3.06,3.09,7737,17398,3.05,3.1,12053,24313,3.04,3.11,6390,4554,3.03,3.12,4572,8762,"(3573,)",0,0,0,0,-0.31,1618,2716296875.0,7,8,20260203,19920507,2716377812.5,12370000.0,-1798562812.5,10896377500.0,0.0,0.0,-299.99999329447746,91102480000.0,36844165000.0,4585128125.0,1389798125.0,94401.0,41218872500.0,882328046.875,26269837500.0,29311870000.0,11364677500.0,8277296875.0,18438593750.0,-892844062.5,656260000.0,-402926015.625,-3210326875.0,7628618125.0,-809305000.0,-887070000.0,-872257031.25,-24945692500.0,1.0789999961853027,9.0,8339031406.25,8339031406.25
0,000009,1982,9.69,9.45,9.54,9.8,9.42,11:29:54.192,11299032,-969,255602,2,247502736.0,88378,167224,-1,14043,9.69,9.7,899,640,9.68,9.71,591,478,9.67,9.72,296,443,9.66,9.73,1197,232,9.65,9.74,908,789,"(309,)",0,0,0,0,-0.2,1982,2576020468.75,18,43,20260122,19910625,2579213906.25,19690000.0,3853800625.0,146357800000.0,0.0,0.0,1099.9999940395355,565794320000.0,312068100000.0,170991880000.0,16191372500.0,144700.0,177894200000.0,127870390000.0,14009301250.0,100781720000.0,168124580000.0,123451650000.0,63190180000.0,16001355000.0,2159240937.5,2496838125.0,-7934878750.0,122950610000.0,15904187500.0,13189156250.0,2832330937.5,57258430000.0,3.9079999923706055,9.0,24961638342.1875,24961638342.1875
0,000010,1425,3.64,3.55,3.54,3.84,3.5,11:29:57.822,11299637,-364,346702,16,126221576.0,125888,220814,0,9006,3.64,3.65,3342,2235,3.63,3.66,1454,3918,3.62,3.67,1766,3161,3.61,3.68,741,2971,3.6,3.69,1979,600,"(53,)",0,0,0,0,-0.26,1425,848033437.5,18,21,20251216,19951027,1149652265.625,14480000.0,-594307617.1875,3538041250.0,0.0,0.0,-299.99999329447746,27194105000.0,21016562500.0,54823999.0234375,17625999.755859375,34767.0,23266005000.0,447741015.625,21103560000.0,3264786875.0,4246812812.5,3909369062.5,15298285000.0,-222531015.625,-7787999.877929687,-411815000.0,-549964023.4375,1034025000.0,-271158007.8125,-305187011.71875,-319038984.375,-28424925000.0,0.2840000092983246,9.0,3086841712.5,3086841712.5
0,000011,1140,9.21,9.06,9.13,9.31,9.09,11:29:54.480,11299080,-921,56580,30,52120212.0,26454,30127,0,7459,9.2,9.21,554,140,9.19,9.22,119,266,9.18,9.23,322,100,9.17,9.24,599,55,9.16,9.25,180,438,"(4916,)",0,0,0,0,-0.1,1140,526475507.8125,18,11,20251030,19920330,595979101.5625,20700000.0,35810200.1953125,13178067500.0,67605200.1953125,0.0,500.0000074505806,153041960000.0,142511010000.0,427474023.4375,3370000.0,37276.0,46318395000.0,-1376573125.0,804880000.0,33937560000.0,17157720000.0,12862247500.0,6030171875.0,360598007.8125,7345000.0,-23751710000.0,3675944062.5,108231440000.0,480114023.4375,260592988.28125,322211015.625,25949710000.0,5.693999767303467,9.0,4848839426.953125,4848839426.953125
0,000012,1858,4.76,4.65,4.71,4.85,4.7,11:29:57.150,11299525,-476,316658,3,151710896.0,127222,189436,0,9062,4.76,4.77,7143,1601,4.75,4.78,5427,6217,4.74,4.79,1181,1435,4.73,4.8,1677,3768,4.72,4.81,432,2102,"(1461,)",0,0,0,0,-0.2,1858,1959316562.5,18,48,20260202,19920228,3070692187.5,12300000.0,7864497500.0,118368820000.0,1109369062.5,0.0,500.0000074505806,312696520000.0,94637340000.0,141625350000.0,22766105000.0,124681.0,99975190000.0,4554615000.0,5907394375.0,132496210000.0,104240140000.0,89774020000.0,21768655000.0,1208558984.375,-105180000.0,8324635000.0,-5150106875.0,16565397500.0,1365036093.75,1391630000.0,1503957031.25,81629205000.0,4.315000057220459,9.0,9326346837.5,9326346837.5
0,000014,675,14.53,13.21,14.53,14.53,14.53,11:29:51.288,11298548,-1453,48744,1,70825384.0,40927,7817,0,227180,14.53,0.0,66445,0,14.52,0.0,311,0,14.51,0.0,247,0,14.5,0.0,1063,0,14.49,0.0,27,0,"(1589,)",0,0,0,0,0.0,675,242046191.40625,18,11,20251031,19920602,242046191.40625,20700000.0,468801601.5625,3251224687.5,0.0,0.0,-1299.9999523162842,23184745000.0,19459697500.0,176026992.1875,0.0,26220.0,6582171875.0,515870000.0,99692001.953125,15913248750.0,208587988.28125,163787001.953125,55407001.953125,-406851992.1875,0.0,575149023.4375,539035000.0,13983501250.0,-407065000.0,-324804003.90625,-322223007.8125,10506477500.0,6.574999809265137,9.0,3516931161.1328125,3516931161.1328125
0,000016,2155,4.05,3.68,3.73,4.05,3.7,11:29:57.576,11299596,-405,985311,172,384877920.0,401055,584257,0,65372,4.05,0.0,520451,0,4.04,0.0,1256,0,4.03,0.0,512,0,4.02,0.0,1003,0,4.01,0.0,2070,0,"(5813,)",0,0,0,0,0.0,2155,1596593750.0,18,23,20251030,19920327,2407945468.75,12390000.0,-16060800000.0,81199825000.0,811351562.5,0.0,-4099.999964237213,292089900000.0,119317050000.0,48078280000.0,9531171250.0,146741.0,181614540000.0,-3260810937.5,3883196250.0,12656402500.0,76789705000.0,73251360000.0,13144176250.0,-10195918750.0,4204369062.5,-10863285000.0,-6089353750.0,25230272500.0,-10104211250.0,-11769955000.0,-9815205000.0,-27788880000.0,0.5260000228881836,9.0,6466204687.5,6466204687.5
0,000017,1493,7.81,7.71,7.76,7.84,7.74,11:29:55.320,11299220,-781,72480,35,56520852.0,33887,38593,0,2871,7.8,7.81,572,106,7.79,7.82,277,741,7.78,7.83,409,717,7.77,7.84,611,1511,7.76,7.85,853,1740,"(52,)",0,0,0,0,0.0,1493,440821992.1875,18,41,20251106,19920331,689184921.875,12240000.0,74221401.3671875,2794618750.0,248363007.8125,0.0,399.9999910593033,4665168125.0,4549443125.0,27067001.953125,0.0,54235.0,801017031.25,97653007.8125,7977092500.0,3742865000.0,5776741250.0,5217251250.0,2301965000.0,398701015.625,0.0,-550133984.375,-384926015.625,1750640000.0,414643007.8125,313495996.09375,309371992.1875,-11448688750.0,0.5429999828338623,9.0,3442819758.984375,3442819758.984375
0,000019,1410,7.15,7.12,7.18,7.2,7.13,11:29:55.716,11299286,-715,60801,1,43583148.0,31348,29454,0,6828,7.14,7.15,159,1329,7.13,7.16,1389,302,7.12,7.17,1234,140,7.11,7.18,1104,271,7.1,7.19,629,1253,"(6196,)",0,0,0,0,0.14,1410,416216406.25,18,17,20260202,19921012,1152535234.375,15510000.0,2442543437.5,38018845000.0,51749301.7578125,0.0,2099.9999344348907,70118570000.0,40553400000.0,19740806250.0,4393831875.0,43016.0,18876087500.0,16100999.755859377,12719082500.0,49891070000.0,39184755000.0,32557362500.0,1590882031.25,3056041875.0,-20161999.51171875,12651572500.0,320012011.71875,35200365000.0,3065269062.5,2434335000.0,2435265000.0,19486150000.0,4.328999996185303,9.0,2975947304.6875,2975947304.6875
0,000020,1012,15.35,15.3,15.43,15.51,15.24,11:29:50.796,11298466,-1535,26952,21,41540988.0,15068,11884,-2,2639,15.35,15.37,66,5,15.34,15.4,33,24,15.33,15.43,99,88,15.32,15.44,21,138,15.31,15.45,96,335,"(181,)",0,0,0,0,-0.38,1012,181165390.625,18,35,20251025,19920428,283161191.40625,12390000.0,142430498.046875,6062678750.0,101995800.78125,0.0,799.9999821186066,7532313125.0,5082980000.0,1613215000.0,328326992.1875,28401.0,3228700937.5,0.0,1465776875.0,4249259062.5,6829502500.0,5992382500.0,2295464062.5,256423007.8125,5545000.0,-446760000.0,-461106015.625,706965000.0,256537988.28125,212668984.375,212668984.375,-822046015.625,1.5010000467300415,9.0,2780888746.09375,2780888746.09375
0,000021,2467,28.36,27.19,27.97,28.73,27.45,11:29:42.990,11297165,-2836,568801,180,1591533824.0,255699,313103,-1,244710,28.35,28.36,628,50,28.34,28.37,230,3,28.33,28.38,195,146,28.32,28.39,113,16,28.31,28.4,307,227,"(3829,)",0,0,0,0,-0.34,2467,1571321718.75,18,24,20260125,19940202,1571573125.0,12390000.0,6613780000.0,108516850000.0,0.0,0.0,4799.999892711639,275568900000.0,150558900000.0,61888270000.0,3074541875.0,220205.0,108274290000.0,31134297500.0,26266765000.0,127347910000.0,112778440000.0,93705670000.0,37375855000.0,11749855000.0,486408007.8125,20334926250.0,21266075000.0,24418722500.0,11740152500.0,9885443125.0,7557293125.0,68990820000.0,8.102999687194824,9.0,44562683943.75,44562683943.75
0,000025,1100,18.43,18.3,18.48,18.5,18.32,11:29:48.948,11298158,-1843,31540,25,58155304.0,17627,13913,0,6043,18.43,18.44,1,2,18.42,18.45,100,96,18.41,18.46,79,562,18.4,18.47,359,20,18.39,18.48,98,63,"(2613,)",0,0,0,0,0.05,1100,392778281.25,18,25,20260203,19930621,431058281.25,15510000.0,1080842500.0,20673813750.0,38280000.0,0.0,2899.9999165534973,26509205000.0,6905492500.0,643599023.4375,37514001.46484375,48630.0,5634393125.0,1658323125.0,4308664062.5,18073787500.0,11668736250.0,9623196875.0,162847998.046875,1488429062.5,144097998.046875,1710184062.5,-1843700937.5,1533459062.5,1533007031.25,1185907968.75,1235999062.5,8788372500.0,4.192999839782715,9.0,7238903723.4375,7238903723.4375
0,000026,836,15.58,15.47,15.61,15.65,15.45,11:29:50.658,11298443,-1558,19524,4,30343756.0,9980,9544,0,3918,15.58,15.59,214,320,15.57,15.6,17,232,15.56,15.61,163,122,15.55,15.62,75,180,15.54,15.63,100,139,"(53,)",0,0,0,0,0.06,836,364563007.8125,18,12,20260129,19930603,405763984.375,15520000.0,1976229531.25,30397670000.0,40580900.87890625,0.0,3100.000023841858,39165795000.0,29252652500.0,3650039062.5,308855000.0,36021.0,5171205937.5,0.0,9356092500.0,33769822500.0,26749600000.0,17151798750.0,3012190937.5,1587770937.5,8564000.244140625,3739223125.0,823526953.125,18260170000.0,1598215937.5,1250182031.25,1250182031.25,17302306250.0,8.322999954223633,9.0,5679891661.71875,5679891661.71875
0,000027,1481,6.78,6.72,6.75,6.82,6.74,11:29:55.938,11299323,-678,108441,43,73535856.0,34809,73632,0,2376,6.77,6.79,2110,2624,6.76,6.8,7739,2792,6.75,6.81,2022,4752,6.74,6.82,957,6149,6.73,6.83,1101,3146,"(692,)",0,0,0,0,-0.14,1481,4757390000.0,18,16,20260205,19930903,4757390000.0,13440000.0,21254910000.0,304145020000.0,0.0,0.0,3600.0001430511475,1709824160000.0,412588480000.0,714155040000.0,217317420000.0,113612.0,382726960000.0,149859200000.0,52083765000.0,502388400000.0,324397500000.0,250074840000.0,150568710000.0,36737915000.0,6190936250.0,95075620000.0,56972375000.0,13106913750.0,38637045000.0,28333605000.0,19644773750.0,164603400000.0,6.881999969482422,9.0,32255104200.0,32255104200.0
0,000028,1547,26.21,26.44,26.44,26.5,26.2,11:29:44.280,11297380,-2621,32281,5,84899488.0,19582,12699,0,15573,26.21,26.22,27,2,26.2,26.23,284,4,26.19,26.24,47,7,26.18,26.27,94,5,26.17,26.28,53,18,"(2933,)",0,0,0,0,-0.1,1547,478053710.9375,18,12,20251031,19930809,556565117.1875,15510000.0,10655421250.0,564663560000.0,71351298.828125,0.0,17200.000286102295,505588640000.0,411676280000.0,7993553125.0,4491015000.0,41385.0,274614100000.0,31157275000.0,42676175000.0,184299460000.0,551244880000.0,493445520000.0,248073780000.0,13334776250.0,1650740937.5,-4630764062.5,-18540073750.0,83419480000.0,13176548750.0,10193972500.0,9571184375.0,133289660000.0,33.11399841308594,9.0,12529787763.671875,12529787763.671875
0,000029,1722,22.1,22.1,22.22,22.4,21.77,11:29:46.746,11297791,-2210,51586,4,114039536.0,26596,24991,0,15221,22.1,22.12,47,2,22.09,22.13,31,44,22.08,22.14,26,40,22.07,22.15,61,27,22.06,22.17,167,8,"(5173,)",0,0,0,0,-0.26,1722,891660000.0,18,11,20251027,19930915,1011660000.0,20700000.0,50186499.0234375,2082322031.25,120000000.0,0.0,1400.0000059604645,52106495000.0,46150770000.0,157195000.0,0.0,38419.0,16009730000.0,-1171624062.5,9782449375.0,36633680000.0,8988530000.0,6549508750.0,396640976.5625,1780942968.75,9085000.0,-920044062.5,-2370526875.0,30135727500.0,1789724062.5,1440363906.25,1451175937.5,13690111250.0,3.621000051498413,9.0,19705686000.0,19705686000.0
0,000030,1512,5.42,5.39,5.43,5.44,5.4,11:29:56.754,11299459,-542,50396,3,27351372.0,24569,25827,0,3421,5.42,5.43,2906,1159,5.41,5.44,3830,1335,5.4,5.45,1912,1313,5.39,5.46,1439,1494,5.38,5.47,1602,912,"(2613,)",0,0,0,0,-0.17,1512,1670906406.25,3,7,20260204,19930929,1719810781.25,12360000.0,4439302812.5,115095900000.0,47818901.3671875,0.0,2599.9999046325684,188632040000.0,99830880000.0,32193345000.0,5631790000.0,29824.0,78205040000.0,16522012500.0,4971103125.0,81489270000.0,121429250000.0,107519710000.0,42733340000.0,6152550000.0,3548705937.5,1371957968.75,-1549954062.5,14285935000.0,6185585000.0,5840798125.0,4398342187.5,51749760000.0,4.73799991607666,9.0,9056312721.875,9056312721.875
0,000031,1701,3.72,3.73,3.77,3.82,3.68,11:29:57.774,11299629,-372,375323,22,140966368.0,196009,179314,0,9975,3.72,3.73,1804,215,3.71,3.74,875,1601,3.7,3.75,2161,1581,3.69,3.76,1949,316,3.68,3.77,4607,1030,"(117,)",0,0,0,0,0.0,1701,4286304687.5,18,11,20251031,19931008,4286313437.5,20700000.0,-5867703125.0,204770480000.0,0.0,0.0,-1199.99997317791,1672783360000.0,1095038720000.0,29728775000.0,14418562500.0,89652.0,720398560000.0,310313040000.0,85670610000.0,101334680000.0,206476920000.0,133022280000.0,6157026250.0,9911170000.0,-5228934062.5,17376810000.0,-48133600000.0,647729360000.0,10227199375.0,1292799062.5,-5329801250.0,-33886635000.0,2.364000082015991,9.0,15945053437.5,15945053437.5
0,000032,2034,20.48,19.58,19.9,20.56,19.83,11:29:47.718,11297953,-2048,196574,4,399430784.0,70912,125662,0,15542,20.48,20.49,524,153,20.47,20.5,1734,492,20.46,20.51,6,185,20.45,20.52,97,81,20.44,20.53,1,364,"(1973,)",0,0,0,0,0.1,2034,1137959218.75,18,24,20260129,19931028,1215179296.875,14490000.0,-1266145234.375,484216840000.0,0.0,0.0,-2599.9999046325684,672150880000.0,560198240000.0,46853505000.0,10067850625.0,69795.0,452023120000.0,57201805000.0,34197727500.0,61208145000.0,330185440000.0,303780840000.0,119185810000.0,-279134003.90625,-146995996.09375,-46717850000.0,-39132012500.0,13879936250.0,-316404003.90625,-2659913125.0,-2988225937.5,12424461250.0,5.379000186920166,9.0,23305404800.0,23305404800.0
0,000034,2126,36.62,35.85,36.44,36.76,36.36,11:29:38.034,11296339,-3662,89736,1,328060736.0,38045,51692,3,55826,36.59,36.62,3,47,36.58,36.63,118,16,36.57,36.65,88,33,36.56,36.66,16,88,36.55,36.67,157,40,"(6324,)",0,0,0,0,0.0,2126,604773281.25,18,25,20260202,19940509,723444296.875,15510000.0,8935355625.0,915711840000.0,0.0,0.0,9900.000095367432,503713240000.0,407190040000.0,9469209375.0,6125957500.0,121200.0,332707220000.0,7956511875.0,57243180000.0,111046200000.0,1023653520000.0,987320720000.0,110071410000.0,8497756250.0,-743650937.5,-7914342500.0,-3693365000.0,173472560000.0,8470335000.0,6975761875.0,6700380000.0,44829900000.0,15.36400032043457,9.0,22146797559.375,22146797559.375
0,000035,1745,5.93,5.98,6.02,6.04,5.92,11:29:56.448,11299408,-593,149422,5,89005456.0,82766,66657,0,4521,5.92,5.93,6114,540,5.91,5.94,3546,3323,5.9,5.95,4438,731,5.89,5.96,948,1378,5.88,5.97,1229,1096,"(5492,)",0,0,0,0,0.17,1745,2313025781.25,26,39,20251031,19940408,2388032812.5,23770000.0,3634576562.5,42695140000.0,0.0,0.0,1299.9999523162842,324076040000.0,70761680000.0,25467772500.0,149028150000.0,43317.0,92962610000.0,2091623125.0,80633040000.0,109339780000.0,39422652500.0,26959162500.0,24453872500.0,4247505937.5,-28241000.9765625,4968521875.0,9464647500.0,3742756875.0,4280995000.0,3266005937.5,3133475937.5,36801845000.0,4.372000217437744,9.0,13716242882.8125,13716242882.8125
0,000036,1946,5.72,5.59,5.67,5.83,5.66,11:29:56.574,11299429,-572,357710,238,205950304.0,159810,197901,1,15043,5.71,5.72,55,161,5.7,5.73,738,177,5.69,5.74,1667,1261,5.68,5.75,1932,1633,5.67,5.76,1398,618,"(4020,)",0,0,0,0,0.35,1946,1401150937.5,18,11,20260128,19940617,1403818750.0,20700000.0,374563593.75,3321925625.0,0.0,0.0,199.99999552965164,76429410000.0,47791430000.0,6988317500.0,26020998.53515625,45147.0,11605790000.0,8718259375.0,973946015.625,50825285000.0,3240433125.0,1594015000.0,258646992.1875,716527031.25,135364003.90625,-609777968.75,-3824890000.0,26361760000.0,698243984.375,476597031.25,356838984.375,30937975000.0,3.621000051498413,9.0,8014583362.5,8014583362.5
0,000037,1241,9.54,9.48,9.48,9.55,9.41,11:29:54.282,11299047,-954,78014,44,74136736.0,38169,39845,0,7044,9.53,9.54,1158,420,9.52,9.55,234,2010,9.51,9.56,112,1068,9.5,9.57,633,565,9.49,9.58,210,872,"(52,)",0,0,0,0,0.1,1241,338908203.125,18,16,20251028,19940701,602762617.1875,13440000.0,-456282304.6875,3710090000.0,263854492.1875,0.0,-299.99999329447746,20115106250.0,9689381875.0,5511498125.0,21145000.0,46770.0,3255406875.0,322728007.8125,3627709062.5,14701151250.0,2789325000.0,2371450000.0,1079611015.625,-101353007.8125,167581015.625,-496660976.5625,-4244192187.5,795377031.25,-116253007.8125,-157152001.953125,-199431992.1875,1666651875.0,2.438999891281128,9.0,3233184257.8124995,3233184257.8124995
0,000039,2351,11.26,10.98,10.87,11.48,10.86,11:29:53.250,11298875,-1126,754140,213,850024128.0,295486,458654,-1,135440,11.25,11.26,345,151,11.24,11.27,281,586,11.23,11.28,174,489,11.22,11.29,80,109,11.21,11.3,266,754,"(1269,)",0,0,0,0,0.45,2351,2301407187.5,18,26,20251031,19940408,5392520625.0,12330000.0,18280200000.0,1289706880000.0,0.0,3089837812.5,2800.000011920929,1752520320000.0,1007917760000.0,440808720000.0,57748650000.0,115873.0,788563280000.0,163839880000.0,42198230000.0,526354800000.0,1170608400000.0,1027474880000.0,305273800000.0,37402180000.0,87280000.0,98271350000.0,52221140000.0,188907640000.0,37030330000.0,23948570000.0,15656150000.0,343128360000.0,9.01200008392334,9.0,25913844931.25,25913844931.25
0,000042,1048,9.12,9.16,9.23,9.23,8.92,11:29:54.534,11299089,-912,65349,12,59152372.0,36403,28946,0,5298,9.12,9.13,358,707,9.11,9.14,45,69,9.1,9.15,725,412,9.09,9.16,267,1673,9.08,9.17,684,131,"(53,)",0,0,0,0,-0.1,1048,664131171.875,18,11,20260127,19940921,664831171.875,20700000.0,-5186483750.0,38625227500.0,0.0,0.0,900.0000357627869,345639000000.0,287699620000.0,7989288125.0,6989000.244140625,16169.0,242521960000.0,-2101321093.75,14558686250.0,32964895000.0,20471780000.0,12133072500.0,2975452812.5,2660245000.0,2405256093.75,50979690000.0,23014095000.0,188769100000.0,1184446015.625,559595000.0,615066992.1875,6205498750.0,4.958000183105469,9.0,6056876287.499999,6056876287.499999
0,000045,1355,12.97,12.9,12.9,13.1,12.84,11:29:52.224,11298704,-1297,66756,17,86461168.0,34760,31996,0,18653,12.97,12.98,12,44,12.96,12.99,318,48,12.95,13.0,917,202,12.94,13.01,95,65,12.93,13.02,30,81,"(53,)",0,0,0,0,0.08,1355,457021796.875,18,35,20251027,19940815,506521796.875,12390000.0,789016093.75,25220927500.0,49500000.0,0.0,1199.99997317791,52809260000.0,30412362500.0,17058187500.0,322762011.71875,34361.0,7186007500.0,13054246250.0,19615998750.0,29753522500.0,24650660000.0,21067120000.0,9002536250.0,863798046.875,-42776000.9765625,1701350000.0,974623046.875,8602196250.0,910035000.0,814191015.625,594451992.1875,2960902812.5,5.874000072479248,9.0,5927572705.46875,5927572705.46875
0,000048,1906,17.92,18.3,18.33,18.44,17.79,11:29:49.254,11298209,-1792,88110,20,158349808.0,49637,38473,0,19980,17.92,17.93,10,52,17.91,17.94,97,15,17.9,17.95,596,18,17.89,17.97,31,1,17.88,17.98,88,1,"(2228,)",0,0,0,0,-0.16,1906,526359492.1875,18,17,20251209,19941101,530282304.6875,10030000.0,6017986250.0,45950205000.0,0.0,0.0,5699.999928474426,104915260000.0,26783650000.0,53019660000.0,402971992.1875,16511.0,54753420000.0,556324023.4375,1657886875.0,42245490000.0,36702847500.0,30292680000.0,1094955000.0,3126235000.0,3112999.8779296875,5249919375.0,-2293757968.75,17422376250.0,3025636875.0,3029166875.0,2978615000.0,34596725000.0,7.967000007629394,9.0,9432362100.0,9432362100.0
0,000049,1525,26.2,26.01,26.15,26.3,26.12,11:29:44.286,11297381,-2620,24021,1,62922196.0,12080,11942,0,3216,26.18,26.19,50,4,26.17,26.2,93,76,26.16,26.21,90,15,26.15,26.22,140,79,26.14,26.23,63,50,"(4404,)",0,0,0,0,0.04,1525,384534804.6875,18,29,20260205,19950320,384638515.625,12380000.0,2211543125.0,149569340000.0,0.0,0.0,5899.999737739563,173483940000.0,116372480000.0,37604572500.0,4427778125.0,57775.0,84431200000.0,-452135000.0,19261050000.0,66623010000.0,161034900000.0,146608950000.0,54774205000.0,1258001953.125,209420996.09375,6928446250.0,-1196145000.0,27326477500.0,1326485000.0,1672242968.75,2256130000.0,41622862500.0,17.320999145507812,9.0,10074811882.8125,10074811882.8125
0,000050,2092,9.69,9.33,9.42,9.89,9.4,11:29:54.192,11299032,-969,345238,8,333546816.0,125843,219395,0,15232,9.69,9.7,243,147,9.68,9.71,508,50,9.67,9.72,683,133,9.66,9.73,584,361,9.65,9.74,504,164,"(1397,)",0,0,0,0,-0.2,2092,2457716718.75,18,35,20260204,19950315,2457747656.25,12390000.0,-4726185937.5,240140220000.0,0.0,0.0,1299.9999523162842,772625040000.0,212045720000.0,422833200000.0,23238197500.0,74144.0,272081360000.0,22711322500.0,262352080000.0,275027980000.0,266627020000.0,222715800000.0,98476880000.0,3386251875.0,-2917353750.0,64622980000.0,-9892202500.0,43944620000.0,3401326250.0,2791414062.5,3131208125.0,-12296530000.0,11.1899995803833,9.0,23815275004.6875,23815275004.6875
0,000055,797,4.05,3.99,4.05,4.08,4.01,11:29:57.576,11299596,-405,54661,1,22183504.0,26780,27881,0,1705,4.05,4.06,884,1205,4.04,4.07,1043,2906,4.03,4.08,1083,3593,4.02,4.09,882,2266,4.01,4.1,2465,2276,"(2805,)",0,0,0,0,-0.48,797,675852265.625,18,21,20251029,19960415,1073874218.75,12330000.0,1497111875.0,32065550000.0,394158789.0625,0.0,99.99999776482582,131273680000.0,57096530000.0,9282328125.0,834833984.375,44847.0,46243140000.0,483281015.625,43578999.0234375,60894575000.0,25593002500.0,21004365000.0,9851680000.0,140420996.09375,-12114000.244140623,-1942609062.5,-4371181875.0,7522772500.0,130710000.0,159116005.859375,158903007.8125,47673890000.0,5.671000003814697,9.0,2737201675.78125,2737201675.78125
0,000056,2380,2.22,2.28,2.31,2.43,2.2,11:29:58.674,11299779,-222,1917420,35,439783648.0,880834,1036586,0,306253,2.21,2.22,4664,13649,2.2,2.23,12655,2332,2.19,2.24,10801,2665,2.18,2.25,11192,7128,2.17,2.26,8982,1224,"(2996,)",0,0,0,0,0.91,2380,903726562.5,18,12,20251025,19960708,1182528203.125,21720000.0,-2615753437.5,5227356250.0,243235000.0,0.0,-20999.999046325684,20958997500.0,6506143125.0,996441015.625,284556015.625,58475.0,40585030000.0,-433733007.8125,16453230000.0,-20867242500.0,33114355000.0,24236710000.0,1260517031.25,-33607130000.0,-2567000.1220703125,1620362968.75,-173339003.90625,759156015.625,-33720940000.0,-24501895000.0,-24443800000.0,-47131430000.0,-1.7649999856948853,9.0,2006272968.7500002,2006272968.7500002
0,000058,1545,9.21,9.07,9.18,9.29,9.13,11:29:54.480,11299080,-921,80003,1,73853856.0,35712,44291,0,5939,9.21,9.22,347,2211,9.2,9.23,513,777,9.19,9.24,199,216,9.18,9.25,721,334,9.17,9.26,233,464,"(2677,)",0,0,0,0,0.0,1545,984702265.625,18,12,20260205,19961226,1231200703.125,21720000.0,381264609.375,12436376250.0,246461308.59375,0.0,799.9999821186066,50458575000.0,29058495000.0,5880735000.0,183036992.1875,55703.0,17820792500.0,4328955937.5,1659502968.75,20831337500.0,12172507500.0,9196971250.0,3340882812.5,1417207968.75,-130807998.046875,536458007.8125,-2336175000.0,14489675000.0,1588194062.5,1026632968.75,928863984.375,4870390000.0,1.6920000314712524,9.0,9069107866.40625,9069107866.40625
0,000059,1756,5.93,5.88,5.92,6.0,5.88,11:29:56.448,11299408,-593,148169,13,88185968.0,68361,79809,0,7572,5.93,5.94,73,586,5.92,5.95,1654,1678,5.91,5.96,1229,425,5.9,5.97,1163,1216,5.89,5.98,1287,736,"(4853,)",0,0,0,0,0.0,1756,1599442500.0,5,5,20260203,19970130,1599442500.0,12250000.0,-18892592500.0,245000320000.0,0.0,0.0,-8700.000047683716,244720440000.0,115226910000.0,97855780000.0,10837136250.0,42205.0,99483040000.0,6552771875.0,64860345000.0,100799450000.0,302904520000.0,267943580000.0,6345298750.0,-13339597500.0,37557998.046875,-38042995000.0,-47445630000.0,59197755000.0,-13254973750.0,-13806031250.0,-13935972500.0,13239972500.0,6.302000045776367,9.0,9484694025.0,9484694025.0
0,000060,2366,6.94,6.87,7.0,7.04,6.89,11:29:55.842,11299307,-694,846736,51,588832768.0,421463,425273,0,88589,6.93,6.94,5119,1121,6.92,6.95,6117,3230,6.91,6.96,9581,5330,6.9,6.97,20765,2830,6.89,6.98,6784,3749,"(2036,)",0,0,0,0,-0.13,2366,4441116250.0,18,36,20251204,19970123,4441172500.0,12320000.0,7994980000.0,433488600000.0,0.0,0.0,2199.999988079071,504806760000.0,218781720000.0,175984540000.0,51738155000.0,126436.0,246009480000.0,9889072500.0,23438130000.0,164608860000.0,484592880000.0,458195840000.0,9502195000.0,11034695000.0,173661992.1875,20318737500.0,20900120000.0,126636400000.0,11037140000.0,8913743125.0,8408785000.0,89420480000.0,4.26800012588501,9.0,30821346775.0,30821346775.0
0,000061,1522,9.38,9.19,9.25,9.42,9.17,11:29:54.378,11299063,-938,113339,2,105508088.0,47275,66065,0,4116,9.37,9.38,447,219,9.36,9.39,228,1279,9.35,9.4,2568,2738,9.34,9.41,8,1220,9.33,9.42,140,1263,"(5300,)",0,0,0,0,0.11,1522,1696932968.75,18,17,20260202,19970110,1984961250.0,21720000.0,3152620312.5,38189597500.0,0.0,0.0,1599.9999642372131,239003920000.0,56627970000.0,20140500000.0,26968635000.0,37817.0,92682000000.0,25936627500.0,44508000000.0,84010790000.0,51978840000.0,41164400000.0,4478371875.0,5571941250.0,769037031.25,6603424375.0,12942097500.0,9541436250.0,5631376250.0,3803218125.0,2638484062.5,15447692500.0,4.23199987411499,9.0,15917231246.875002,15917231246.875002
0,000062,1799,24.53,24.17,24.42,24.55,24.4,11:29:45.288,11297548,-2453,41286,1,101128152.0,16695,24592,0,8230,24.52,24.53,74,30,24.51,24.54,181,922,24.5,24.55,459,1309,24.49,24.56,355,227,24.48,24.57,265,318,"(5173,)",0,0,0,0,0.0,1799,1044927265.625,18,12,20260202,19970130,1045909296.875,15510000.0,2662487187.5,162802140000.0,0.0,0.0,3499.999940395355,166596400000.0,119767110000.0,2521701875.0,1474249062.5,107930.0,72539310000.0,9128134375.0,6371426250.0,68760955000.0,176580300000.0,161887940000.0,62350625000.0,5549975000.0,156333994.140625,3493805000.0,-5664781875.0,20936572500.0,5586294375.0,4262462187.5,3610789062.5,45135680000.0,6.573999881744385,9.0,25632065825.78125,25632065825.78125
0,000063,2468,37.32,36.31,36.8,37.38,36.68,11:29:37.614,11296269,-3732,638280,44,2367249408.0,281906,356374,0,297270,37.32,37.33,41,23,37.31,37.34,433,295,37.3,37.35,452,1371,37.29,37.36,147,419,37.28,37.37,139,741,"(1909,)",0,0,0,0,-0.1,2468,4027621250.0,18,24,20260203,19971118,4783535000.0,12390000.0,79064030000.0,900445440000.0,0.0,755502500.0,11100.000143051147,2146577760000.0,1433882080000.0,136443890000.0,67188330000.0,606919.0,788041280000.0,2916780000.0,274744280000.0,750914160000.0,1005196000000.0,698114720000.0,232234000000.0,58388820000.0,2206280000.0,17774780000.0,-11797920000.0,460988640000.0,59031490000.0,53446770000.0,53219850000.0,422431840000.0,15.67099952697754,9.0,150310825050.0,150310825050.0
0,000065,1731,12.08,12.03,12.15,12.23,12.07,11:29:52.758,11298793,-1208,104618,2,127003352.0,54204,50414,0,39293,12.07,12.08,440,279,12.06,12.09,317,286,12.05,12.1,340,521,12.04,12.11,283,60,12.03,12.12,897,18,"(1652,)",0,0,0,0,-0.07,1731,974962265.625,7,21,20260130,19980605,1161442187.5,15510000.0,7575134375.0,141216360000.0,0.0,0.0,4600.000083446503,252795620000.0,140096440000.0,32675470000.0,15435343750.0,50189.0,118198400000.0,7233711250.0,24766370000.0,101789540000.0,99150760000.0,85033230000.0,38332835000.0,6008105000.0,5993999.633789063,8978752500.0,3473471250.0,9230838125.0,6012580625.0,4850067187.5,4846407812.5,66535460000.0,9.50100040435791,9.0,11777544168.75,11777544168.75
0,000066,2444,16.19,15.99,16.26,16.28,16.05,11:29:50.292,11298382,-1619,515360,73,831930752.0,256524,258836,0,234746,16.19,16.2,477,135,16.18,16.21,672,253,16.17,16.22,587,934,16.16,16.23,869,867,16.15,16.24,1460,1168,"(565,)",0,0,0,0,-0.17,2444,3225589687.5,18,24,20260204,19970626,3225799062.5,12390000.0,-6876396875.0,96057950000.0,0.0,0.0,0.0,318813500000.0,191508160000.0,40554810000.0,6694202500.0,397592.0,130193740000.0,11436736250.0,45759040000.0,110928650000.0,102953210000.0,86759660000.0,61045480000.0,595997031.25,4184735000.0,-8801381250.0,-3996620000.0,68292705000.0,426778984.375,241045996.09375,160666005.859375,24211727500.0,3.438999891281128,9.0,52222297040.62501,52222297040.62501
0,000068,812,3.57,3.53,3.56,3.59,3.54,11:29:57.864,11299644,-357,68726,2,24537150.0,33408,35318,0,1150,3.57,3.58,10023,1533,3.56,3.59,1636,8235,3.55,3.6,1250,5135,3.54,3.61,1256,2682,3.53,3.62,1360,1556,"(53,)",0,0,0,0,0.0,812,1006671484.375,18,39,20251030,19970611,1006671484.375,15510000.0,-733717187.5,5918214375.0,0.0,0.0,-1000.0000149011612,40219865000.0,14311812500.0,571526992.1875,1144212968.75,38067.0,17086326250.0,3901280000.0,11886831250.0,6079765000.0,5176196250.0,4781256875.0,4205048750.0,-396598007.8125,-725000.0,2500684062.5,-426075000.0,593673007.8125,-899275000.0,-968298046.875,-1000640000.0,-17450876250.0,0.6039999723434448,9.0,3593817199.21875,3593817199.21875
0,000069,1367,2.78,2.71,2.74,2.8,2.71,11:29:58.338,11299723,-278,409462,272,113331176.0,168678,240784,1,33266,2.77,2.78,4557,1405,2.76,2.79,9235,13070,2.75,2.8,11495,30367,2.74,2.81,9935,15663,2.73,2.82,11164,16385,"(52,)",0,0,0,0,0.0,1367,6898601875.0,18,11,20260204,19970910,8037758125.0,20700000.0,-23508122500.0,293296440000.0,0.0,0.0,-5600.000023841858,3057104000000.0,2088254400000.0,224730640000.0,112525220000.0,97153.0,1436178560000.0,206080240000.0,47281880000.0,489844960000.0,170249640000.0,156249050000.0,11645180000.0,-51175430000.0,-5923271250.0,48703140000.0,-73249500000.0,1445669440000.0,-51426050000.0,-54585790000.0,-43667830000.0,302906420000.0,5.709000110626221,9.0,19178113212.5,19178113212.5
0,000070,2458,14.71,14.3,14.6,15.0,13.82,11:29:51.180,11298530,-1471,1183320,211,1715140480.0,570051,613269,0,292482,14.7,14.72,305,27,14.69,14.73,289,58,14.68,14.74,226,49,14.67,14.75,260,419,14.66,14.76,666,11,"(438,)",0,0,0,0,-0.26,2458,888678828.125,18,24,20251027,20000511,900344765.625,12390000.0,44239501.953125,35389390000.0,0.0,0.0,99.99999776482582,73067660000.0,49750130000.0,9830286250.0,981485000.0,97364.0,35254322500.0,6097253125.0,15034662500.0,15077597500.0,31835225000.0,25779365000.0,21072012500.0,1516423125.0,127208994.140625,-3512373125.0,1124563984.375,13040190000.0,1457057968.75,1063626953.125,79960996.09375,-8360106250.0,1.6749999523162842,9.0,13072465561.71875,13072465561.71875
0,000078,2363,3.77,3.8,3.73,3.86,3.73,11:29:57.744,11299624,-377,1006357,4,381727552.0,552214,454144,0,113623,3.77,3.78,10226,5564,3.76,3.79,10626,2840,3.75,3.8,30828,8019,3.74,3.81,14398,3523,3.73,3.82,18527,6285,"(4469,)",0,0,0,0,0.0,2363,2626441250.0,18,12,20251030,19981218,2631123125.0,15510000.0,462173203.125,245526920000.0,0.0,0.0,99.99999776482582,272766800000.0,245777900000.0,8719545000.0,3226661875.0,124206.0,239371600000.0,10227663125.0,20976767500.0,18223098750.0,215129200000.0,195315040000.0,150698090000.0,1655290000.0,916330937.5,397036015.625,-6783211250.0,33277370000.0,1679006093.75,682400937.5,257030000.0,-28983287500.0,0.6930000185966492,9.0,9901683512.5,9901683512.5
0,000088,1623,4.54,4.52,4.54,4.57,4.53,11:29:57.282,11299547,-454,180497,701,82154800.0,75072,105425,-1,9107,4.54,4.55,6403,7642,4.53,4.56,14219,10054,4.52,4.57,20094,20629,4.51,4.58,6334,6685,4.5,4.59,7507,7074,"(1845,)",0,0,0,0,-0.21,1623,3162894375.0,18,8,20251030,19970728,5199483437.5,16550000.0,10041824375.0,6131512500.0,0.0,0.0,2099.9999344348907,241357180000.0,63478580000.0,52205090000.0,14465045000.0,71754.0,8972515000.0,15537356250.0,55595980000.0,181370080000.0,6161426250.0,4324543125.0,1161194062.5,11454860000.0,10325130000.0,2467564062.5,-39482165000.0,96303994.140625,11452580000.0,11020195000.0,10710585000.0,62373545000.0,3.48799991607666,9.0,14359540462.5,14359540462.5
0,000089,1304,7.24,7.2,7.23,7.24,7.18,11:29:55.662,11299277,-724,62676,7,45168092.0,23688,38988,0,3651,7.23,7.24,1391,1510,7.22,7.25,1186,840,7.21,7.26,786,848,7.2,7.27,1059,784,7.19,7.28,2275,937,"(52,)",0,0,0,0,0.28,1304,2050742343.75,18,8,20251025,19980420,2050769531.25,16560000.0,3268701562.5,34653072500.0,0.0,0.0,2300.000041723252,240747160000.0,54529475000.0,103411120000.0,3372217187.5,57917.0,24759817500.0,190575996.09375,27851560000.0,115724250000.0,38394987500.0,29430355000.0,8770036875.0,5800566250.0,1051732968.75,15275481250.0,14624942500.0,92192001.953125,5912621250.0,4681643125.0,4681025000.0,56421280000.0,5.64300012588501,9.0,14847374568.75,14847374568.75
0,000090,1262,4.0,3.97,3.99,4.07,3.97,11:29:57.606,11299601,-400,220565,4,88764856.0,107017,113548,0,3264,4.0,4.01,5130,707,3.99,4.02,2947,3211,3.98,4.03,2554,1105,3.97,4.04,2424,1519,3.96,4.05,1923,2631,"(1141,)",0,0,0,0,-0.24,1262,1868460000.0,18,21,20251028,19990721,1868545468.75,14480000.0,3284903750.0,92391370000.0,0.0,0.0,-0.0,633474240000.0,508668880000.0,5826717500.0,12365192500.0,41446.0,352131040000.0,3974080000.0,15562601250.0,144872050000.0,99590320000.0,88950860000.0,31711045000.0,1078686015.625,45714003.90625,-9953268750.0,-10092268750.0,209521600000.0,1141262968.75,-187250000.0,201289003.90625,65615770000.0,6.041999816894531,9.0,7473840000.0,7473840000.0
0,000096,935,11.17,11.18,11.25,11.25,11.11,11:29:53.304,11298884,-1117,41004,10,45798064.0,24372,16632,0,6896,11.16,11.17,631,111,11.15,11.18,597,445,11.14,11.19,771,386,11.13,11.2,513,224,11.12,11.21,679,247,"(52,)",0,0,0,0,0.09,935,510848007.8125,18,5,20251031,20000724,528000000.0,15510000.0,669130625.0,15348450000.0,0.0,0.0,599.9999865889549,33461677500.0,14322326250.0,361887968.75,2066417031.25,38763.0,4586650000.0,55615996.09375,3622868125.0,27943727500.0,10350420000.0,9157830000.0,249537988.28125,522099023.4375,193949003.90625,-866375937.5,-2010492968.75,509258984.375,519968984.375,323821992.1875,306725000.0,12718077500.0,5.291999816894531,9.0,5706172247.265625,5706172247.265625
0,000099,1643,19.92,19.8,19.97,20.0,19.88,11:29:48.054,11298009,-1992,45442,5,90603360.0,25759,19683,0,10045,19.92,19.93,91,67,19.91,19.94,432,484,19.9,19.95,695,166,19.89,19.96,450,223,19.88,19.97,511,420,"(2613,)",0,0,0,0,-0.04,1643,775770234.375,18,8,20251030,20000731,775770234.375,16560000.0,1948924843.75,14971806250.0,0.0,0.0,3199.9999284744263,77877250000.0,37706152500.0,22587885000.0,866088984.375,124959.0,7149050000.0,1065780000.0,19448190000.0,54692425000.0,16326287500.0,12297365000.0,10267475000.0,3324353125.0,-31623000.48828125,6842638125.0,2042221093.75,3014297187.5,3317432812.5,2375753906.25,2446497031.25,23634187500.0,7.050000190734863,9.0,15453343068.750002,15453343068.750002
0,000100,2443,4.89,4.9,4.95,4.97,4.86,11:29:57.072,11299512,-489,2518907,7,1234878080.0,1281327,1237580,0,51530,4.89,4.9,35593,10628,4.88,4.91,58336,15261,4.87,4.92,55788,26504,4.86,4.93,64128,40828,4.85,4.94,58714,32446,"(2549,)",0,0,0,0,-0.19,2443,18096746250.0,12,35,20251031,20040130,20800862500.0,12390000.0,15253197500.0,1230284960000.0,0.0,0.0,1599.9999642372131,3816513920000.0,1093708480000.0,1664290560000.0,185602040000.0,671098.0,1150906560000.0,627898000000.0,148976410000.0,609297640000.0,1359434240000.0,1185924960000.0,259811960000.0,11415611250.0,16625567500.0,338366040000.0,-26595870000.0,211414680000.0,10117193125.0,4825476875.0,30467925000.0,235632840000.0,2.928999900817871,9.0,88493089162.5,88493089162.5
0,000151,967,13.68,13.61,13.69,13.73,13.62,11:29:51.798,11298633,-1368,26733,7,36599252.0,15533,11200,0,3724,13.67,13.68,66,118,13.66,13.69,220,318,13.65,13.7,72,105,13.64,13.71,87,120,13.63,13.72,141,152,"(1076,)",0,0,0,0,0.07,967,307934707.03125,7,13,20260203,20000906,337370703.125,15510000.0,-1428463750.0,9149068750.0,0.0,0.0,-799.9999821186066,21975712500.0,19033037500.0,741727968.75,265443984.375,26817.0,18864618750.0,-1003874062.5,9930790625.0,3328605000.0,8262118750.0,6859642500.0,2156232031.25,-295691992.1875,274084003.90625,-867405937.5,-541215000.0,1609050937.5,-293066992.1875,-340860000.0,-283750996.09375,-11422436250.0,0.9869999885559082,9.0,4212546792.1875,4212546792.1875
0,000153,924,6.71,6.68,6.71,6.73,6.69,11:29:55.980,11299330,-671,46936,7,31499736.0,26803,20133,0,2520,6.7,6.71,487,480,6.69,6.72,850,2537,6.68,6.73,1049,2152,6.67,6.74,513,1466,6.66,6.75,307,1831,"(52,)",0,0,0,0,0.0,924,458868515.625,24,34,20260110,20000920,464685507.8125,12270000.0,1473028437.5,32614227500.0,0.0,0.0,2199.999988079071,49684010000.0,20919348750.0,11110061250.0,2393592031.25,39078.0,23050822500.0,244270000.0,4581380000.0,21015455000.0,31251460000.0,25781397500.0,11004463750.0,1143336015.625,84765000.0,888135000.0,192407988.28125,5794623750.0,1139499062.5,982150000.0,1002842968.75,10438818125.0,4.521999835968018,9.0,3079007739.84375,3079007739.84375
0,000155,1982,12.54,12.53,12.7,12.75,12.54,11:29:52.482,11298747,-1254,165346,110,208933840.0,90606,74740,0,25794,12.54,12.55,234,137,12.53,12.56,806,181,12.52,12.57,1102,238,12.51,12.58,1045,114,12.5,12.59,1174,10,"(1525,)",0,0,0,0,-0.15,1982,1846168281.25,23,16,20251028,20000926,1846168281.25,13440000.0,6298011875.0,22770747500.0,0.0,0.0,1899.999976158142,282630120000.0,109186620000.0,88919510000.0,44431340000.0,111520.0,45886295000.0,23743590000.0,70828880000.0,103172230000.0,20952820000.0,11792095000.0,19438845000.0,5255680000.0,33028000.48828125,13218162500.0,12166413750.0,4296610937.5,5185518125.0,4389339062.5,3474823125.0,10737535000.0,5.589000225067139,9.0,23150950246.875,23150950246.875
0,000156,1941,8.9,8.56,8.75,8.95,8.68,11:29:54.666,11299111,-890,238115,39,210441424.0,91521,146594,0,27615,8.9,8.91,173,785,8.89,8.92,75,1329,8.88,8.93,213,1884,8.87,8.94,405,2489,8.86,8.95,377,2550,"(180,)",0,0,0,0,0.11,1941,1699875937.5,28,18,20251031,20000906,1852932500.0,18630000.0,3517453437.5,63482590000.0,0.0,0.0,1899.999976158142,296269760000.0,136427020000.0,93821370000.0,5660441250.0,42698.0,110769720000.0,3931820000.0,89133590000.0,149536800000.0,64067825000.0,45071180000.0,23960520000.0,3476805937.5,52617998.046875,2398606093.75,-8987013125.0,14455850000.0,3555065000.0,3499798750.0,3490421250.0,35518420000.0,8.069999694824219,9.0,15128895843.75,15128895843.75
0,000157,2360,9.58,9.33,9.53,9.78,9.52,11:29:54.258,11299043,-958,746506,67,720704576.0,350419,396088,1,92918,9.57,9.58,1205,177,9.56,9.59,1314,4004,9.55,9.6,885,3024,9.54,9.61,1080,403,9.53,9.62,1075,921,"(6260,)",0,0,0,0,0.1,2360,7070417500.0,21,26,20251031,20001012,8648535000.0,12350000.0,31390160000.0,343857400000.0,0.0,1552507500.0,4499.99988079071,1311058480000.0,827711120000.0,112455550000.0,47875930000.0,236356.0,436536360000.0,22447455000.0,190870020000.0,583254000000.0,371556560000.0,267153480000.0,280460580000.0,46410455000.0,2028081093.75,28661135000.0,-6019315000.0,212776280000.0,46826110000.0,41049215000.0,39203677500.0,278009920000.0,6.74399995803833,9.0,67734599650.0,67734599650.0
0,000158,2201,20.21,19.92,20.16,20.26,20.05,11:29:47.880,11297980,-2021,136614,140,275398144.0,55285,81330,0,29716,20.21,20.22,204,1378,20.2,20.23,613,1121,20.19,20.24,262,846,20.18,20.25,827,2475,20.17,20.26,824,1388,"(4213,)",0,0,0,0,0.0,2201,1587932187.5,11,24,20251223,20000724,1598616718.75,18650000.0,-2990465937.5,49461955000.0,0.0,0.0,-1000.0000149011612,173650300000.0,109857210000.0,17504717500.0,7903625000.0,388783.0,99142370000.0,411883007.8125,29435722500.0,52172295000.0,51245210000.0,45545055000.0,28647720000.0,-1444002968.75,41960996.09375,-10770240000.0,-10750267500.0,28439760000.0,-1439817968.75,-1572310000.0,-1553527968.75,4396569062.5,3.263999938964844,9.0,32092109509.375,32092109509.375
0,000159,1482,7.05,6.95,7.04,7.09,6.95,11:29:55.776,11299296,-705,143134,10,100714344.0,68100,75034,0,8589,7.04,7.05,892,29,7.03,7.06,238,535,7.02,7.07,527,459,7.01,7.08,892,1809,7.0,7.09,1303,4944,"(52,)",0,0,0,0,0.0,1482,480672890.625,2,5,20260203,20000926,480686015.625,15510000.0,-4520752500.0,24325540000.0,0.0,0.0,399.9999910593033,35973622500.0,17465625000.0,3674735937.5,503702968.75,43685.0,14572730000.0,-2347999.8779296875,2220175000.0,20382235000.0,13022165000.0,11613338750.0,6390658750.0,290379003.90625,0.0,-1577413906.25,1016092968.75,1244207968.75,291404003.90625,200225000.0,201089003.90625,11678711250.0,4.239999771118164,9.0,3388743878.90625,3388743878.90625
0,000166,2018,5.1,5.07,5.1,5.13,5.09,11:29:56.946,11299491,-510,485231,4,247903968.0,231652,253580,-1,73841,5.1,5.11,31580,14461,5.09,5.12,34052,50799,5.08,5.13,21981,36182,5.07,5.14,13865,29288,5.06,5.15,11224,41100,"(3573,)",0,0,0,0,-0.19,2018,22535507500.0,2,1,20251031,20150126,25039945000.0,19670000.0,38498690000.0,125622780000.0,0.0,2504000000.0,3199.9999284744263,7219731200000.0,0.0,9832517500.0,3628405937.5,219272.0,0.0,283495700000.0,192615220000.0,1111924400000.0,194994460000.0,86260480000.0,0.0,108733980000.0,127443250000.0,33633625000.0,110924080000.0,0.0,108432690000.0,87928000000.0,80161470000.0,403859080000.0,4.440999984741211,9.0,114931088249.99998,114931088249.99998
0,000301,1848,12.83,12.79,12.94,12.97,12.7,11:29:52.308,11298718,-1283,146780,17,188207904.0,77389,69391,0,17171,12.84,12.86,213,245,12.83,12.87,310,113,12.82,12.88,77,250,12.81,12.89,334,188,12.8,12.9,1142,278,"(53,)",0,0,0,0,0.0,1848,6608555625.0,26,27,20251218,20000529,6611230625.0,12260000.0,-14190625000.0,1083013760000.0,0.0,0.0,199.99999552965164,2128027040000.0,448519920000.0,1400892800000.0,48213390000.0,73343.0,1007246000000.0,34130305000.0,194933220000.0,343307800000.0,921615920000.0,830216480000.0,28162635000.0,-2167799062.5,1998717031.25,117881020000.0,35643115000.0,196420540000.0,-2047101875.0,1097121015.625,1264120000.0,35699315000.0,5.056000232696533,9.0,84787768668.75,84787768668.75
0,000333,2463,78.55,79.54,79.18,79.34,78.41,11:29:12.876,11292146,-7855,213099,24,1679637888.0,111989,101111,2,174671,78.53,78.55,3,60,78.52,78.56,12,11,78.51,78.57,40,13,78.5,78.58,1007,2,78.49,78.59,241,12,"(4724,)",0,0,0,0,0.1,2463,6845915000.0,12,23,20260106,20130918,7597145625.0,12380000.0,316991160000.0,3189746560000.0,0.0,650848515.625,49800.00019073486,5933130240000.0,3675913920000.0,431198440000.0,216562080000.0,308748.0,3299715520000.0,135484680000.0,515050800000.0,2205592320000.0,3630567680000.0,2691194240000.0,464722560000.0,457367040000.0,13348680000.0,570660840000.0,70743320000.0,480466480000.0,458587600000.0,386378280000.0,378833840000.0,1612229440000.0,28.70800018310547,9.0,537746623250.0,537746623250.0
0,000338,2468,25.57,23.78,24.52,25.81,24.52,11:29:44.664,11297444,-2557,899612,15,2268819200.0,360591,539021,0,223988,25.57,25.58,4,93,25.56,25.59,48,48,25.55,25.6,95,68,25.54,25.61,149,143,25.53,25.62,39,180,"(3125,)",0,0,0,0,-0.53,2468,5007115937.5,15,7,20251225,20070430,8713581250.0,12360000.0,84010160000.0,1619535840000.0,0.0,1943040000.0,10299.999713897703,3643248640000.0,1901280800000.0,522923360000.0,227401160000.0,282178.0,1579021120000.0,375877360000.0,117942320000.0,940510480000.0,1705706240000.0,1332003280000.0,417300400000.0,123848800000.0,3005340000.0,150147480000.0,-116354210000.0,351390840000.0,125862190000.0,108517800000.0,88775510000.0,657063600000.0,10.793999671936035,9.0,128031954521.875,128031954521.875
0,000400,2283,30.1,29.82,30.16,30.29,29.72,11:29:41.946,11296991,-3010,134948,2,404536448.0,61968,72981,1,28742,30.09,30.1,200,58,30.08,30.11,58,1,30.07,30.12,40,1,30.06,30.13,17,187,30.05,30.14,58,101,"(3380,)",0,0,0,0,-0.06,2283,1011701328.125,13,43,20251028,19970418,1018622265.625,12380000.0,8946932500.0,95860510000.0,0.0,0.0,8899.999856948853,263022520000.0,215282960000.0,19262330000.0,6908382500.0,114561.0,128204820000.0,11826207500.0,6578421250.0,118441180000.0,94535140000.0,71958760000.0,71938605000.0,11225161250.0,78282001.953125,19148723750.0,14184292500.0,34237180000.0,11279010000.0,9984946250.0,9014343125.0,96643150000.0,11.628000259399414,9.0,30452209976.5625,30452209976.5625
0,000401,1453,5.26,5.27,5.3,5.38,5.25,11:29:56.850,11299475,-526,194230,17,103183584.0,100878,93352,0,8533,5.26,5.27,2273,1565,5.25,5.28,2281,579,5.24,5.29,2162,782,5.23,5.3,823,1254,5.22,5.31,831,575,"(693,)",0,0,0,0,-0.18,1453,2631354062.5,11,22,20260107,19960614,2658216875.0,12300000.0,-2967676562.5,185572000000.0,0.0,0.0,99.99999776482582,586582480000.0,135070590000.0,305230160000.0,76502045000.0,78128.0,152923940000.0,20943490000.0,168816680000.0,274752280000.0,185750660000.0,146625510000.0,27592177500.0,2634123125.0,950828046.875,20732105000.0,-13895042500.0,28055445000.0,2880290000.0,162660996.09375,403548007.8125,65828095000.0,10.22599983215332,9.0,13840922368.75,13840922368.75
0,000402,1231,2.94,2.88,2.9,2.98,2.89,11:29:58.242,11299707,-294,292427,4,86153640.0,130409,162019,0,4478,2.93,2.94,5343,3544,2.92,2.95,9677,5745,2.91,2.96,3824,11895,2.9,2.97,6226,12606,2.89,2.98,9105,13281,"(3252,)",0,0,0,0,0.34,1231,2988667187.5,7,11,20260203,19960626,2988930000.0,20700000.0,-26149655000.0,116867250000.0,0.0,0.0,-4499.99988079071,1137525680000.0,649457160000.0,15464522500.0,3262973125.0,69626.0,183175800000.0,24907215000.0,69794550000.0,235437200000.0,62868095000.0,54637630000.0,4798423125.0,-16981112500.0,47114003.90625,19835122500.0,-26324195000.0,465089600000.0,-16830023750.0,-14824012500.0,-13495945000.0,113340000000.0,7.876999855041504,9.0,8786681531.25,8786681531.25
0,000403,1259,13.68,13.62,13.68,13.73,13.64,11:29:51.798,11298633,-1368,33563,113,45933252.0,15107,18457,1,18591,13.67,13.68,294,6,13.66,13.69,781,282,13.65,13.7,1590,357,13.64,13.71,551,423,13.63,13.72,192,410,"(3764,)",0,0,0,0,0.07,1259,940710234.375,17,34,20251210,19960628,950397421.875,12270000.0,5427329375.0,18902652500.0,0.0,0.0,3799.999952316284,95751910000.0,37750002500.0,17542230000.0,1902539062.5,34061.0,12865705000.0,-67818999.0234375,45388930000.0,80259490000.0,16181465000.0,8686463125.0,6444450000.0,4314626250.0,161006005.859375,-964867968.75,-7475196250.0,17309023750.0,4069370000.0,3574973125.0,3571810937.5,23738197500.0,8.444999694824219,9.0,12868916006.25,12868916006.25
0,000404,1101,7.17,7.12,7.18,7.22,7.13,11:29:55.704,11299284,-717,70477,1,50661484.0,32563,37915,0,9291,7.17,7.18,336,1818,7.16,7.19,1236,837,7.15,7.2,1306,1233,7.14,7.21,830,1596,7.13,7.22,1500,3199,"(3253,)",0,0,0,0,0.0,1101,692719609.375,22,23,20251023,19960619,695996015.625,12340000.0,3759364062.5,96869820000.0,0.0,0.0,5500.00011920929,151571590000.0,115506160000.0,15750201250.0,2046110000.0,30044.0,89338320000.0,13812912500.0,15952551250.0,42522180000.0,93490320000.0,80946260000.0,27403372500.0,6103385000.0,699833984.375,4739920000.0,12938211250.0,13725431250.0,6111013750.0,5252245000.0,3798670000.0,18454576250.0,6.109000205993652,9.0,4966799599.21875,4966799599.21875
0,000407,1807,5.1,5.09,5.13,5.19,5.06,11:29:56.946,11299491,-510,265846,367,136112416.0,142573,123273,-1,13194,5.1,5.11,93,21,5.09,5.12,3825,929,5.08,5.13,4292,2106,5.07,5.14,4271,1885,5.06,5.15,3108,3962,"(53,)",0,0,0,0,0.0,1807,875782187.5,15,42,20251028,19960703,880084687.5,13450000.0,1097279296.875,32046335000.0,0.0,0.0,1400.0000059604645,60481505000.0,16044335000.0,19060712500.0,1239694062.5,46665.0,22134275000.0,3276839062.5,9566946250.0,30461427500.0,30422630000.0,25542452500.0,4073240937.5,1908792031.25,296963984.375,-447916015.625,-1866152968.75,4144196250.0,1921075937.5,1512384062.5,1200776953.125,9270017500.0,3.4609999656677246,9.0,4466489156.25,4466489156.25
0,000408,2221,84.83,83.0,85.45,86.33,84.5,11:29:09.108,11291518,-8483,78305,2,667862784.0,40868,37438,0,123390,84.8,84.82,24,10,84.79,84.83,2,5,84.77,84.86,1,6,84.75,84.87,13,3,84.74,84.88,3,1,"(3764,)",0,0,0,0,-0.17,2221,1570209218.75,6,28,20251017,19960628,1570225781.25,12260000.0,18679440000.0,23236400000.0,0.0,0.0,17599.99990463257,163645480000.0,28985180000.0,22979452500.0,6668471875.0,36801.0,6365996250.0,-212304003.90625,18821548750.0,151104110000.0,24014467500.0,9745938125.0,320637011.71875,29479887500.0,19119867500.0,13404315000.0,13273493750.0,4660430937.5,29162847500.0,27427512500.0,27508012500.0,108580980000.0,9.623000144958496,9.0,133200848026.5625,133200848026.5625
0,000409,1352,11.82,11.64,11.81,11.85,11.73,11:29:52.914,11298819,-1182,58393,1,68912024.0,24436,33957,0,5456,11.81,11.82,217,976,11.8,11.83,149,960,11.79,11.84,195,971,11.78,11.85,582,2275,11.77,11.86,199,772,"(3188,)",0,0,0,0,0.08,1352,586675195.3125,15,24,20251209,19960627,677990468.75,18650000.0,807956171.875,8298971875.0,0.0,0.0,799.9999821186066,26466320000.0,21870277500.0,1952267968.75,501833984.375,79667.0,8117146250.0,2471197031.25,12460845000.0,15734393750.0,8635538125.0,5959055000.0,7252125000.0,722597031.25,0.0,-2020363125.0,-2511990937.5,3590837187.5,726262031.25,664865000.0,506666992.1875,-3018605000.0,2.321000099182129,9.0,6934500808.59375,6934500808.59375
0,000410,1236,7.49,7.43,7.52,7.55,7.47,11:29:55.512,11299252,-749,103655,183,77753640.0,62152,41503,0,8054,7.48,7.49,951,179,7.47,7.5,1075,797,7.46,7.51,1182,1258,7.45,7.52,1640,1734,7.44,7.53,546,1991,"(52,)",0,0,0,0,0.0,1236,1680915937.5,5,26,20260119,19960718,2649073125.0,12340000.0,-686258125.0,25333285000.0,0.0,0.0,0.0,96297120000.0,75805050000.0,11964340000.0,2652515000.0,84477.0,49095245000.0,1155621953.125,82903855000.0,42192750000.0,25444270000.0,21760522500.0,7623761250.0,224238984.375,10408000.48828125,1609040937.5,16982165000.0,27193397500.0,237650996.09375,167224003.90625,11453000.48828125,-65871100000.0,1.7890000343322754,9.0,12590060371.875,12590060371.875
0,000411,974,12.39,12.27,12.33,12.46,12.3,11:29:52.572,11298762,-1239,36934,2,45667968.0,19419,17516,0,5659,12.39,12.4,681,213,12.38,12.41,237,219,12.37,12.42,360,622,12.36,12.43,990,312,12.35,12.44,1566,299,"(5365,)",0,0,0,0,-0.07,974,367791718.75,28,12,20260204,19960716,564996015.625,15510000.0,3549946562.5,247770580000.0,0.0,0.0,6200.000047683716,173118180000.0,152016240000.0,9918288125.0,2593361875.0,30780.0,113102050000.0,5987425000.0,19923605000.0,47626730000.0,249625020000.0,232850520000.0,79727730000.0,5637313125.0,-9141000.366210938,-11126865000.0,-231103007.8125,43519420000.0,5405990000.0,3809376250.0,3225005000.0,21021440000.0,8.984000205993652,9.0,4556939395.3125,4556939395.3125
0,000415,2445,5.3,5.2,5.25,5.54,5.18,11:29:56.826,11299471,-530,1737753,89,934254976.0,780273,957481,0,69767,5.29,5.3,1438,8661,5.28,5.31,1831,6837,5.27,5.32,1116,293,5.26,5.33,2249,1418,5.25,5.34,6028,1326,"(5622,)",0,0,0,0,-0.55,2445,5392955625.0,2,1,20251031,19960716,6184521250.0,21710000.0,15901670000.0,250867300000.0,0.0,0.0,-2199.999988079071,2863296320000.0,243525840000.0,2108349120000.0,261070000.0,99820.0,466755160000.0,171987720000.0,170303280000.0,288584720000.0,402838880000.0,280706180000.0,18636670000.0,4222500000.0,7856890000.0,177753920000.0,-174109100000.0,847310000.0,4202090000.0,-3054150000.0,-13724250000.0,20125620000.0,4.665999889373779,9.0,28582664812.5,28582664812.5
0,000417,1640,8.3,8.38,8.4,8.43,8.26,11:29:55.026,11299171,-830,137818,21,114711560.0,92647,45172,0,18791,8.3,8.31,965,401,8.29,8.32,1996,867,8.28,8.33,3475,1007,8.27,8.34,2281,757,8.26,8.35,2368,929,"(4725,)",0,0,0,0,0.0,1640,779027421.875,24,12,20251031,19960812,779884218.75,15520000.0,2087157187.5,53276970000.0,0.0,0.0,2199.999988079071,124405900000.0,54768095000.0,14999606250.0,10258518750.0,31915.0,49984490000.0,10959635000.0,3089865000.0,47051995000.0,50972490000.0,38146202500.0,2557171093.75,3128365000.0,1393123125.0,-4454915000.0,-3116175937.5,25235042500.0,3301818125.0,2220532968.75,1722220000.0,24233097500.0,6.0329999923706055,9.0,6465927601.562501,6465927601.562501
0,000419,1026,6.7,6.66,6.68,6.78,6.65,11:29:55.986,11299331,-670,67445,16,45172800.0,34728,32717,0,8103,6.69,6.7,368,18,6.68,6.71,622,1790,6.67,6.72,482,1631,6.66,6.73,416,338,6.65,6.74,843,1055,"(53,)",0,0,0,0,0.15,1026,543582695.3125,21,12,20260115,19960816,543582695.3125,15520000.0,1461816718.75,12834572500.0,0.0,0.0,2300.000041723252,56931980000.0,25169380000.0,6940940625.0,1927214062.5,25729.0,11140572500.0,3254465000.0,4173943125.0,34974000000.0,13563580000.0,10466496250.0,693097031.25,1615265937.5,764592031.25,2976674062.5,1796407968.75,1916800937.5,1643415000.0,1369124062.5,1244138984.375,14403515000.0,6.434000015258789,9.0,3642004058.59375,3642004058.59375
0,000420,2167,4.61,4.6,4.69,4.75,4.6,11:29:57.240,11299540,-461,523877,102,244904528.0,261777,262101,1,34153,4.6,4.61,15433,4132,4.59,4.62,4809,6229,4.58,4.63,3998,4535,4.57,4.64,2404,2393,4.56,4.65,1571,2613,"(3572,)",0,0,0,0,-0.21,2167,2458031093.75,3,27,20251031,19960802,2458868281.25,12280000.0,620828906.25,27985380000.0,0.0,0.0,99.99999776482582,136990540000.0,34815927500.0,63354995000.0,3536357812.5,107287.0,73812030000.0,4987096250.0,23474720000.0,44231010000.0,40193897500.0,35797577500.0,8509046250.0,405700000.0,-234811015.625,1032632968.75,1614737031.25,8160078125.0,384386015.625,301859003.90625,326475000.0,-5737410000.0,1.7990000247955322,9.0,11331523342.1875,11331523342.1875
0,000421,1220,7.08,7.08,7.08,7.14,7.07,11:29:55.758,11299293,-708,61764,2,43822888.0,29950,31814,0,984,7.08,7.09,1183,190,7.07,7.1,2053,552,7.06,7.11,1084,1180,7.05,7.12,1080,1174,7.04,7.13,780,1499,"(53,)",0,0,0,0,0.0,1220,574296289.0625,26,42,20251028,19960806,574415703.125,13450000.0,-144157802.734375,36379860000.0,0.0,0.0,2000.0000298023224,105708600000.0,48398695000.0,36912897500.0,1069474062.5,31623.0,55550710000.0,11936232500.0,4081243125.0,28097875000.0,59683190000.0,51473180000.0,3359805000.0,2560211875.0,121943007.8125,15770742500.0,-23207001.953125,21868755000.0,2591796093.75,1877730000.0,1159011015.625,16109748750.0,4.892000198364258,9.0,4066017726.5625,4066017726.5625
0,000422,2297,15.49,15.49,15.68,15.81,15.42,11:29:50.712,11298452,-1549,282569,66,439409312.0,140882,141687,0,38259,15.48,15.49,1509,8,15.47,15.5,1717,234,15.46,15.51,1057,621,15.45,15.52,1499,247,15.44,15.53,357,131,"(2100,)",0,0,0,0,-0.12,2297,1057803203.125,19,28,20251025,19960815,1088248437.5,12260000.0,10663628750.0,198109520000.0,0.0,0.0,7500.0,450434720000.0,90675910000.0,233115120000.0,55197055000.0,83135.0,141933880000.0,55121230000.0,36245962500.0,58984900000.0,191667840000.0,156242040000.0,4050330000.0,12066501250.0,-426696015.625,31171777500.0,-23441585000.0,25938815000.0,15809525000.0,13322992500.0,8115910000.0,5911703125.0,5.419000148773193,9.0,16385371616.40625,16385371616.40625
0,000423,2245,55.96,54.37,54.37,56.18,54.21,11:29:26.430,11294405,-5596,88800,3,492256000.0,35975,52825,0,49314,56.0,56.02,2,2,55.96,56.03,45,4,55.95,56.04,38,8,55.94,56.05,42,38,55.92,56.06,7,306,"(1717,)",0,0,0,0,-0.13,2245,643018085.9375,15,34,20260109,19960729,643976796.875,12270000.0,11524307500.0,45651505000.0,0.0,0.0,19800.000190734863,127485940000.0,98231130000.0,17203476250.0,3032365937.5,87763.0,26139060000.0,251893984.375,3877773125.0,99479090000.0,47663705000.0,12542572500.0,5249890000.0,15057960000.0,457091015.625,13097386250.0,5102584062.5,8222811875.0,15029720000.0,12767681250.0,12738201250.0,85540330000.0,15.447999954223633,9.0,35983292089.0625,35983292089.0625
0,000425,2370,11.81,11.45,11.66,12.15,11.65,11:29:52.920,11298820,-1181,744780,15,885403904.0,296556,448224,0,43352,11.8,11.81,1078,1570,11.79,11.82,753,963,11.78,11.83,418,757,11.77,11.84,960,94,11.76,11.85,172,439,"(2548,)",0,0,0,0,0.0,2370,9009750000.0,26,26,20260121,19960828,11752972500.0,12350000.0,53523975000.0,700293120000.0,0.0,0.0,5099.999904632568,1796438720000.0,1264806400000.0,237246180000.0,87765610000.0,106090.0,1040351360000.0,14700356250.0,152775110000.0,598683560000.0,781573360000.0,607078760000.0,496571120000.0,68919405000.0,-3328462187.5,56916500000.0,22909620000.0,375168280000.0,68671330000.0,60834340000.0,59772155000.0,334783880000.0,5.093999862670898,9.0,106405147500.0,106405147500.0
0,000426,2463,49.87,48.02,50.5,50.57,48.7,11:29:30.084,11295014,-4987,580991,11,2882596864.0,291099,289893,0,1014848,49.86,49.87,410,14,49.85,49.88,38,73,49.84,49.89,6,111,49.83,49.9,24,336,49.82,49.91,19,84,"(4789,)",0,0,0,0,0.22,2463,1775205468.75,32,36,20260204,19960828,1775635781.25,11090000.0,12998420000.0,32964420000.0,0.0,0.0,7699.999809265137,175133840000.0,24368405000.0,46561340000.0,82968450000.0,181648.0,48214605000.0,6604431250.0,23085905000.0,91583680000.0,40994260000.0,17361475000.0,1781999.969482422,16313323750.0,-31245000.0,27419920000.0,7703388125.0,4516105937.5,16214786250.0,13537097500.0,13640751250.0,46037495000.0,5.1579999923706055,9.0,88529496726.5625,88529496726.5625
0,000428,1456,3.96,3.98,3.96,4.02,3.9,11:29:57.630,11299605,-396,212671,27,83756552.0,128358,84313,1,17947,3.95,3.96,1587,1336,3.94,3.97,5889,4687,3.93,3.98,2418,4113,3.92,3.99,794,2506,3.91,4.0,5823,4244,"(52,)",0,0,0,0,0.51,1456,1018926015.625,21,10,20251029,19960808,1018926015.625,17610000.0,-1115811406.25,4550696250.0,0.0,0.0,-1500.0000596046448,44984410000.0,9729132500.0,19271801250.0,3271310000.0,46075.0,31213297500.0,-5472375000.0,14520462500.0,13937892500.0,3981031875.0,3441878125.0,472371015.625,-2000064062.5,-103377001.953125,227386015.625,46957001.953125,4695887812.5,-1992322031.25,-1954651875.0,-1562063906.25,-12241890000.0,1.368000030517578,9.0,4034947021.875,4034947021.875
0,000429,1700,12.34,12.21,12.25,12.38,12.22,11:29:52.602,11298767,-1234,36003,2,44391944.0,14322,21682,0,1740,12.33,12.34,93,21,12.32,12.35,48,316,12.31,12.36,164,154,12.3,12.37,60,585,12.29,12.38,260,1290,"(5044,)",0,0,0,0,0.16,1700,1303329921.875,12,6,20260123,19980220,2090806093.75,16540000.0,13564006250.0,35023160000.0,348750000.0,0.0,7400.000095367432,242093620000.0,58486225000.0,81273340000.0,1794977968.75,66085.0,11893110000.0,31861822500.0,7829111250.0,108458250000.0,33625087500.0,10461825625.0,1158469062.5,26619215000.0,2077610000.0,30447112500.0,11571910000.0,0.0,26637680000.0,21154845000.0,15451717500.0,60608805000.0,5.329999923706055,9.0,16083091235.9375,16083091235.9375
0,000430,611,7.33,7.29,7.31,7.37,7.27,11:29:55.608,11299268,-733,37434,1,27427478.0,19125,18309,0,3377,7.33,7.35,865,184,7.32,7.36,1124,156,7.31,7.37,264,590,7.3,7.38,668,1227,7.29,7.39,1503,1219,"(501,)",0,0,0,0,-0.26,611,370556484.375,21,10,20251226,19960829,809635390.625,23780000.0,-647250507.8125,3102056875.0,0.0,0.0,-599.9999865889549,20991755000.0,1186190000.0,8871136875.0,4541523125.0,19698.0,8568122500.0,0.0,8522395000.0,2677614062.5,3365975000.0,2735040937.5,81823999.0234375,-132520000.0,22868999.0234375,418876992.1875,59000000.0,37773999.0234375,-133357998.046875,-223963984.375,-223963984.375,-10515551250.0,0.6610000133514404,9.0,2716179030.46875,2716179030.46875
0,000488,327,2.11,2.1,2.11,2.12,2.1,11:29:58.740,11299790,-211,53448,3,11290455.0,38288,15160,0,3644,2.11,2.12,16914,36130,2.1,2.13,23450,29607,2.09,2.14,9503,6976,2.08,2.15,5399,6526,2.07,2.16,3419,3893,"(53,)",0,0,0,0,0.0,327,1681387343.75,15,38,20251031,20001120,2941456250.0,12220000.0,-7100985000.0,198247460000.0,706385234.375,528305195.3125,-20499.99952316284,528549760000.0,85279520000.0,297749800000.0,16165218750.0,109647.0,400892040000.0,21475597500.0,52412795000.0,31968895000.0,33478605000.0,54326125000.0,8824521250.0,-65228440000.0,-7154050000.0,7025893125.0,-405815000.0,26830045000.0,-65493170000.0,-64365090000.0,-60078160000.0,-53999990000.0,1.087000012397766,9.0,3547727295.3125,3547727295.3125
0,000498,1547,6.27,6.22,6.27,6.29,6.24,11:29:56.244,11299374,-627,58284,7,36555916.0,21676,36608,0,6515,6.26,6.27,1081,850,6.25,6.28,2932,1996,6.24,6.29,2371,3380,6.23,6.3,2870,5012,6.22,6.31,1659,2175,"(692,)",0,0,0,0,0.0,1547,1449346875.0,15,21,20260106,19970609,1552441093.75,14480000.0,14573287500.0,426829680000.0,0.0,0.0,6999.99988079071,1739290240000.0,1253110400000.0,40812352500.0,74575620000.0,44729.0,1054277920000.0,160987010000.0,2020995000.0,251543160000.0,413538560000.0,362700400000.0,208290460000.0,20257170000.0,545033007.8125,-13890643750.0,34343735000.0,34363852500.0,20192987500.0,17290551250.0,14096815000.0,125854240000.0,10.220000267028809,9.0,9087404906.25,9087404906.25
0,000501,1122,10.18,10.14,10.18,10.23,10.1,11:29:53.898,11298983,-1018,74719,45,75912224.0,42453,32266,0,10180,10.17,10.18,58,111,10.16,10.19,91,857,10.15,10.2,1148,1023,10.14,10.21,454,235,10.13,10.22,535,584,"(52,)",0,0,0,0,0.1,1122,768228593.75,19,12,20251031,19921120,768992734.375,15520000.0,1241287265.625,51187740000.0,0.0,0.0,1700.0000178813934,310466920000.0,57815445000.0,148021940000.0,71116195000.0,39521.0,139733440000.0,35948999.0234375,14489887500.0,109529540000.0,45228670000.0,22566040000.0,439931992.1875,2004935000.0,175676992.1875,6911195000.0,3627006875.0,14738405000.0,2112870000.0,1275617031.25,1278292031.25,67545480000.0,14.243000030517578,9.0,7820567084.375,7820567084.375
0,000503,1461,9.43,9.27,9.4,9.49,9.37,11:29:54.348,11299058,-943,60875,22,57491972.0,22312,38564,0,5696,9.43,9.44,7,161,9.42,9.45,505,626,9.41,9.46,548,978,9.4,9.47,1404,1833,9.39,9.48,397,1550,"(3828,)",0,0,0,0,-0.1,1461,979235468.75,15,24,20251127,19921130,979252500.0,18640000.0,-309466796.875,2001757968.75,0.0,0.0,-1400.0000059604645,20118412500.0,14841045000.0,115664003.90625,807077031.25,60621.0,5542113125.0,0.0,7021480000.0,12670240000.0,1704017031.25,1791820000.0,1479325937.5,-1377380000.0,165656015.625,-1826928906.25,-1332625000.0,9987999.877929688,-1379940937.5,-1384292031.25,-1384292968.75,-3118513125.0,1.2910000085830688,9.0,9234190470.3125,9234190470.3125
0,000504,272,8.88,8.76,8.83,8.9,8.71,11:29:54.678,11299113,-888,18589,1,16409806.0,7381,11208,0,247,8.87,8.88,72,107,8.86,8.89,533,110,8.85,8.9,633,247,8.84,8.91,100,184,8.83,8.92,182,224,"(52,)",0,0,0,0,-0.21,272,329117890.625,21,34,20251027,19921208,330023085.9375,22750000.0,-84107597.65625,924170625.0,0.0,0.0,199.99999552965164,8419559375.0,5174368125.0,1484317031.25,623653984.375,12189.0,3643578750.0,1203283984.375,4234728125.0,2423275000.0,834383984.375,305173007.8125,1382132968.75,-24811000.9765625,53103002.9296875,173248007.8125,-447125000.0,462548007.8125,-31110000.0,-31495000.0,52322998.046875,-5457141250.0,0.734000027179718,9.0,2922566868.7500005,2922566868.7500005
0,000505,1264,7.2,7.17,7.18,7.34,7.18,11:29:55.686,11299281,-720,95602,1,69323840.0,51934,43668,0,5715,7.19,7.2,359,341,7.18,7.21,1589,581,7.17,7.22,1099,159,7.16,7.23,1333,705,7.15,7.24,1020,603,"(52,)",0,0,0,0,0.28,1264,632380390.625,30,14,20260105,19921221,726950234.375,12130000.0,278544296.875,94933670000.0,64975000.0,0.0,-700.0000029802322,84974840000.0,64703845000.0,8351063125.0,3744364062.5,57700.0,38193735000.0,3401301875.0,16836737500.0,30783515000.0,62115240000.0,59029200000.0,976221953.125,-528590000.0,44873002.9296875,1490879062.5,5031657812.5,33017137500.0,-679746015.625,-787287031.25,-515016015.625,5288969375.0,4.235000133514404,9.0,4553138812.5,4553138812.5
0,000506,2429,19.65,19.45,19.8,20.09,19.5,11:29:48.216,11298036,-1965,384114,27,760556864.0,202609,181505,0,251282,19.65,19.66,400,1,19.64,19.67,111,68,19.63,19.68,120,19,19.62,19.69,104,299,19.61,19.7,153,82,"(1589,)",0,0,0,0,0.1,2429,928707031.25,15,36,20260202,19930312,929017734.375,11090000.0,-900843828.125,1548818593.75,0.0,0.0,900.0000357627869,14346970000.0,4579771250.0,5990671250.0,483781992.1875,61000.0,7406175000.0,118733994.140625,632037031.25,6403295000.0,3399755937.5,1865550937.5,0.0,1101612031.25,316071992.1875,736431015.625,1488944062.5,1132312968.75,1092313984.375,1092313984.375,821603984.375,-4345215000.0,0.6890000104904175,9.0,18249093164.0625,18249093164.0625
0,000507,806,5.47,5.44,5.47,5.51,5.45,11:29:56.724,11299454,-547,62999,3,34541292.0,31724,31275,0,3490,5.46,5.47,1777,444,5.45,5.48,1696,1460,5.44,5.49,1869,1415,5.43,5.5,1238,4727,5.42,5.51,1820,5193,"(52,)",0,0,0,0,0.18,806,902354531.25,12,16,20260202,19930326,919734921.875,16550000.0,2387892187.5,40335870000.0,0.0,0.0,2500.0,202266560000.0,57418140000.0,69174775000.0,13909947500.0,66552.0,43900485000.0,29694100000.0,13712315000.0,62724800000.0,32439140000.0,23354847500.0,13021222500.0,5420471250.0,1528277968.75,6926250000.0,-12811961250.0,2749243125.0,5137523125.0,3937955937.5,2483917031.25,25570240000.0,5.951000213623047,9.0,4935879285.9375,4935879285.9375
0,000509,953,3.53,3.46,3.48,3.55,3.48,11:29:57.888,11299648,-353,108569,14,38191152.0,32648,75921,0,1531,3.53,3.54,733,1279,3.52,3.55,1615,8747,3.51,3.56,2682,2361,3.5,3.57,750,2837,3.49,3.58,882,2826,"(53,)",0,0,0,0,0.0,953,1073124765.625,23,35,20260122,19930507,1073127968.75,12390000.0,-123317099.609375,7154946875.0,0.0,0.0,-99.99999776482582,8714050625.0,6069130625.0,1357792031.25,311953007.8125,35000.0,4535873125.0,809075937.5,2507822031.25,1242707031.25,5884425000.0,5588291250.0,1844973125.0,-87219003.90625,0.0,-16149000.244140623,-146022998.046875,1685170000.0,-86327001.953125,-92207001.953125,-98557998.046875,-12156351250.0,0.1159999966621398,9.0,3788130422.65625,3788130422.65625
0,000510,2328,15.65,15.63,15.56,16.18,15.46,11:29:50.616,11298436,-1565,319824,10,505700864.0,150291,169533,0,120092,15.64,15.65,94,98,15.63,15.66,1270,44,15.62,15.67,62,184,15.61,15.68,54,6,15.6,15.69,865,177,"(1332,)",0,0,0,0,-0.31,2328,606664804.6875,23,19,20260122,19930507,648543593.75,12260000.0,-342201015.625,15152542500.0,0.0,0.0,-1199.99997317791,25281565000.0,6632786250.0,10669922500.0,2041521093.75,62463.0,9256243125.0,1085483984.375,1909377968.75,12343342500.0,12603905000.0,11285057500.0,893453046.875,-674452031.25,11350000.0,-14097999.267578123,-947205937.5,3360835000.0,-680502031.25,-735188984.375,-784945000.0,3099186875.0,1.902999997138977,9.0,9494304193.359375,9494304193.359375
0,000513,1637,35.35,35.46,35.56,35.69,35.31,11:29:38.796,11296466,-3535,36990,10,131124672.0,19809,17182,0,10063,35.34,35.35,60,183,35.33,35.36,153,40,35.32,35.37,206,13,35.31,35.38,313,39,35.3,35.39,708,9,"(5620,)",0,0,0,0,0.06,1637,567953007.8125,12,34,20260105,19931028,887907187.5,12270000.0,16727340000.0,90816040000.0,0.0,299807109.375,19600.000381469727,245379840000.0,165721290000.0,40502597500.0,4787209062.5,47362.0,73582705000.0,14041651250.0,2988315000.0,139628410000.0,91159140000.0,30642845000.0,22710270000.0,25109280000.0,487062968.75,25254212500.0,-8516552500.0,16566342500.0,24965450000.0,21302545000.0,17541001250.0,125262680000.0,15.444000244140623,9.0,20077138826.171875,20077138826.171875
0,000514,1099,5.22,5.17,5.19,5.31,5.18,11:29:56.874,11299479,-522,127945,1,67214696.0,52502,75443,0,1759,5.22,5.23,2413,142,5.21,5.24,859,1128,5.2,5.25,1730,782,5.19,5.26,988,541,5.18,5.27,428,1560,"(2229,)",0,0,0,0,-0.18,1099,843770937.5,25,11,20260119,19930712,843770937.5,20700000.0,-455557812.5,2950316250.0,0.0,0.0,1899.999976158142,72499295000.0,39454885000.0,5755298750.0,996840000.0,50739.0,24339522500.0,2779458125.0,11977821250.0,37923340000.0,1982080000.0,1626945937.5,2423042968.75,1819432031.25,2457876875.0,604072031.25,-28726000.9765625,27342627500.0,1895022031.25,1592417968.75,1613361093.75,15454873750.0,4.494999885559082,9.0,4404484293.75,4404484293.75
0,000516,1535,4.93,4.9,4.93,4.96,4.91,11:29:57.048,11299508,-493,201165,30,99231328.0,100376,100789,0,10959,4.93,4.94,784,9823,4.92,4.95,10132,13344,4.91,4.96,11871,11062,4.9,4.97,6956,5878,4.89,4.98,2891,6175,"(53,)",0,0,0,0,-0.19,1535,2204856250.0,8,9,20251030,19930809,2238896718.75,26840000.0,-2121089843.75,36062570000.0,0.0,0.0,-1299.9999523162842,97906560000.0,11508677500.0,68381025000.0,6847500625.0,103208.0,42295960000.0,-2833101875.0,9716665000.0,33375805000.0,29954372500.0,27980570000.0,6168811250.0,-3605021250.0,207586015.625,9210038125.0,-3054893125.0,752741015.625,-3602107812.5,-3740290937.5,-2936565000.0,-2736850000.0,1.491000056266785,9.0,10869941312.5,10869941312.5
0,000517,1266,2.12,2.08,2.12,2.15,2.08,11:29:58.734,11299789,-212,409379,1,86641592.0,196736,212644,0,23583,2.11,2.12,7157,1758,2.1,2.13,7934,10034,2.09,2.14,5375,11327,2.08,2.15,8793,8874,2.07,2.16,4682,5094,"(4980,)",0,0,0,0,0.0,1266,2491986406.25,28,11,20251028,19930806,3183922500.0,20700000.0,3180548750.0,171662180000.0,0.0,0.0,-199.99999552965164,140212720000.0,124595690000.0,194331015.625,45500000.0,33169.0,66423250000.0,5374282500.0,-17863711250.0,57539360000.0,45394630000.0,40780535000.0,1207851953.125,-724587968.75,335481992.1875,9035050625.0,-6684285000.0,87494280000.0,-702210000.0,-891187031.25,-642380000.0,33937272500.0,1.807000041007996,9.0,5283011181.25,5283011181.25
0,000518,251,2.6,2.61,2.62,2.64,2.6,11:29:58.446,11299741,-260,46121,13,12074228.0,25872,20249,0,893,2.6,2.61,5067,1425,2.59,2.62,1300,2933,2.58,2.63,2023,1594,2.57,2.64,979,3741,2.56,2.65,1070,2869,"(53,)",0,0,0,0,-0.37,251,1029535703.125,26,34,20260204,19930908,1029556328.125,12270000.0,-146171601.5625,1559943437.5,0.0,0.0,-99.99999776482582,5091444062.5,3968364062.5,486351992.1875,102902001.953125,59387.0,892163984.375,264620000.0,355726992.1875,3590159062.5,2943740937.5,1948471093.75,742903984.375,-131306005.859375,15474000.244140623,839712031.25,681520000.0,2222590937.5,-140775000.0,-134955000.0,-126972998.046875,-7445830000.0,0.3490000069141388,9.0,2676792828.125,2676792828.125
0,000519,2223,18.82,18.38,18.62,18.98,18.55,11:29:48.714,11298119,-1882,198238,25,372739072.0,80226,118013,0,31207,18.8,18.81,491,16,18.79,18.82,144,188,18.78,18.83,268,87,18.77,18.84,143,209,18.76,18.85,265,602,"(6324,)",0,0,0,0,0.0,2223,1392558906.25,21,26,20260204,19931008,1392558906.25,12350000.0,-602028085.9375,27187505000.0,0.0,0.0,-399.9999910593033,173844720000.0,118431350000.0,37689370000.0,6031830625.0,170000.0,64368325000.0,840819062.5,39479352500.0,102150860000.0,34242210000.0,27981062500.0,14294940000.0,-335237968.75,0.0,-7856818125.0,-11671427500.0,38866202500.0,-273153007.8125,-731868984.375,-588197031.25,46614320000.0,7.335000038146973,9.0,26207958615.625,26207958615.625
0,000520,1002,4.47,4.43,4.43,4.52,4.43,11:29:57.324,11299554,-447,122226,7,54637296.0,66752,55474,0,6056,4.45,4.47,2343,1375,4.44,4.48,4039,1747,4.43,4.49,1452,1834,4.42,4.5,415,3675,4.41,4.51,674,4043,"(52,)",0,0,0,0,0.22,1002,1012083437.5,19,8,20260202,19931025,1012083437.5,16550000.0,-220828808.59375,7554985000.0,0.0,0.0,-599.9999865889549,6312420000.0,3285734062.5,2813350937.5,0.0,71642.0,1990855000.0,0.0,19600945000.0,4027560937.5,5485069375.0,5161455000.0,866736015.625,-555248007.8125,0.0,-46137998.046875,761153984.375,101790000.0,-555385976.5625,-556171015.625,-556171015.625,-28177977500.0,0.3980000019073486,9.0,4524012965.625,4524012965.625
0,000521,1024,6.67,6.63,6.66,6.69,6.64,11:29:56.004,11299334,-667,46137,16,30753144.0,23062,23075,0,3390,6.66,6.67,344,2199,6.65,6.68,2692,5008,6.64,6.69,1937,4002,6.63,6.7,1835,3251,6.62,6.71,695,2444,"(52,)",0,0,0,0,0.15,1024,875579687.5,24,23,20251023,19931018,1029923828.125,12380000.0,5320427500.0,227751500000.0,148189804.6875,0.0,4699.999988079071,240589020000.0,178610960000.0,22227430000.0,10283940000.0,61160.0,170391340000.0,4023437187.5,27504702500.0,62117155000.0,253929300000.0,228146520000.0,25449797500.0,6093921250.0,300725000.0,13448951250.0,-13092827500.0,19237545000.0,6076570000.0,5034112812.5,4884064062.5,19517387500.0,6.031000137329102,9.0,5840116515.625,5840116515.625
0,000523,2098,4.05,4.07,4.09,4.17,4.03,11:29:57.576,11299596,-405,576074,24,234843984.0,332183,243891,0,60372,4.05,4.06,7768,4043,4.04,4.07,11663,4977,4.03,4.08,9003,4131,4.02,4.09,7252,1678,4.01,4.1,9021,3632,"(309,)",0,0,0,0,0.0,2098,1794818125.0,12,14,20260206,19931108,1835468437.5,12130000.0,647881289.0625,17202040000.0,0.0,0.0,399.9999910593033,36646650000.0,18666676250.0,5005967187.5,655271015.625,55507.0,7465459375.0,2707343125.0,27082935000.0,18913325000.0,16434831250.0,13732025000.0,2124445000.0,1453442031.25,71222998.046875,3378150000.0,-1357151875.0,3477840000.0,1201548046.875,920030937.5,652931992.1875,-26483315000.0,1.0299999713897705,9.0,7269013406.25,7269013406.25
0,000524,1438,12.92,12.71,12.84,12.93,12.71,11:29:52.254,11298709,-1292,72098,41,92353800.0,28842,43256,0,9386,12.91,12.92,107,382,12.9,12.93,97,184,12.89,12.94,63,239,12.88,12.95,271,412,12.87,12.96,299,180,"(1332,)",0,0,0,0,0.31,1438,669948906.25,12,10,20251031,19931118,670208593.75,21720000.0,1352277187.5,32698355000.0,0.0,0.0,1000.0000149011612,38519897500.0,23713727500.0,4018278125.0,4453112812.5,51451.0,13664180000.0,234590996.09375,12103497500.0,22756105000.0,34135765000.0,28095110000.0,1658932968.75,810470000.0,-6002999.877929688,2015303906.25,1919156093.75,130210996.09375,842663984.375,700752031.25,655593984.375,1184928046.875,3.3949999809265137,9.0,8655739868.75,8655739868.75
0,000525,1858,6.36,6.11,6.5,6.54,6.24,11:29:56.190,11299365,-636,529949,203,337342624.0,258425,271525,0,212089,6.36,6.37,1142,1097,6.35,6.38,620,759,6.34,6.39,331,767,6.33,6.4,805,1963,6.32,6.41,1203,1896,"(5876,)",0,0,0,0,0.16,1858,1111760000.0,26,28,20260122,19931028,1303158515.625,12260000.0,267475507.8125,27025380000.0,0.0,0.0,-2099.9999344348907,68370290000.0,19310325000.0,24887172500.0,3505887812.5,50637.0,31891937500.0,872061015.625,30351910000.0,26117515000.0,23276872500.0,21551255000.0,6188950000.0,-3340289062.5,128635996.09375,1874240000.0,-172750000.0,4893015937.5,-3185250000.0,-2839063125.0,-2715015000.0,-20488701250.0,2.01200008392334,9.0,7070793600.0,7070793600.0
0,000526,612,38.52,38.4,38.68,38.69,38.33,11:29:36.894,11296149,-3852,5721,6,22016782.0,3243,2478,1,4293,38.51,38.52,14,2,38.5,38.53,67,12,38.49,38.54,5,16,38.48,38.55,33,99,38.47,38.57,16,1,"(52,)",0,0,0,0,0.1,612,119459501.953125,20,18,20251105,19931101,121861103.515625,25830000.0,1757280000.0,22468170000.0,0.0,0.0,19500.00047683716,42322980000.0,15716176250.0,1927821093.75,78358002.9296875,16988.0,27625010000.0,-276324003.90625,9569590625.0,9972450000.0,26129512500.0,17281623750.0,111062998.046875,2885261875.0,136429003.90625,7617811250.0,-904396953.125,233398007.8125,2847046250.0,2266232031.25,2311136875.0,219426992.1875,8.184000015258789,9.0,4601580015.234375,4601580015.234375
0,000528,1976,11.67,11.48,11.62,11.93,11.57,11:29:53.004,11298834,-1167,312441,1,368645120.0,133966,178475,0,19301,11.67,11.68,194,317,11.66,11.69,847,262,11.65,11.7,1101,551,11.64,11.71,844,560,11.63,11.72,1043,251,"(1397,)",0,0,0,0,0.09,1976,2033288281.25,10,26,20260105,19931118,2035965781.25,12350000.0,13206248750.0,228559320000.0,0.0,0.0,7200.000286102295,506512800000.0,360348640000.0,64209570000.0,13562087500.0,100825.0,259455820000.0,13993760000.0,66458725000.0,183174800000.0,257597820000.0,200277880000.0,125675780000.0,15142961250.0,-455980000.0,6451711250.0,2952791875.0,87706910000.0,15420185000.0,12692222500.0,14575922500.0,92543110000.0,8.972000122070312,9.0,23728474242.1875,23728474242.1875
0,000529,818,6.25,6.22,6.29,6.29,6.23,11:29:56.256,11299376,-625,38997,3,24423988.0,19036,19961,0,11637,6.25,6.26,198,972,6.24,6.27,706,1026,6.23,6.28,875,1292,6.22,6.29,1092,1595,6.21,6.3,882,2480,"(2613,)",0,0,0,0,0.0,818,569884414.0625,12,14,20251029,19931118,583790312.5,12130000.0,850940703.125,18820298750.0,0.0,0.0,1199.99997317791,68169220000.0,27629350000.0,9594186250.0,2192811875.0,34215.0,18487120000.0,457473007.8125,4182455937.5,31694487500.0,16886547500.0,16074051250.0,460062031.25,722822031.25,578685000.0,-1419725000.0,-700045000.0,2821277812.5,806883984.375,681895000.0,671488984.375,14796442500.0,5.428999900817871,9.0,3561777587.890625,3561777587.890625
0,000530,1390,7.05,6.91,6.98,7.08,6.95,11:29:55.776,11299296,-705,105221,16,74031056.0,53018,52203,0,3211,7.04,7.05,856,5419,7.03,7.06,1741,2481,7.02,7.07,1879,3007,7.01,7.08,979,5009,7.0,7.09,865,2737,"(52,)",0,0,0,0,0.0,1390,600041406.25,5,26,20260205,19931208,843212500.0,12340000.0,945746718.75,37145762500.0,241500000.0,0.0,1099.9999940395355,75662125000.0,50749605000.0,11646420000.0,1966697031.25,63655.0,37455812500.0,587391992.1875,7170971250.0,31822810000.0,36130587500.0,30193275000.0,18624140000.0,1012435000.0,282216992.1875,-152192001.953125,-3310064062.5,12696222500.0,1065137031.25,934657968.75,902930937.5,7068865625.0,3.7739999294281006,9.0,4230291914.0625,4230291914.0625
0,000531,1293,6.36,6.31,6.35,6.38,6.32,11:29:56.190,11299365,-636,77419,1,49203252.0,39450,37969,0,6337,6.35,6.36,1552,5276,6.34,6.37,2444,1792,6.33,6.38,1992,2608,6.32,6.39,1109,1329,6.31,6.4,1167,736,"(2612,)",0,0,0,0,-0.15,1293,909745468.75,12,16,20251031,19940106,1041401328.125,13440000.0,1836801406.25,33428502500.0,0.0,0.0,4199.9998688697815,185535520000.0,24781285000.0,71713805000.0,4781793125.0,24850.0,27733270000.0,8408625000.0,22047455000.0,69659370000.0,31827185000.0,25710810000.0,5036403750.0,5370655000.0,4173118125.0,6369841250.0,367898984.375,1773975000.0,4709334062.5,4556210000.0,4391476250.0,31420747500.0,6.689000129699707,9.0,5785981181.25,5785981181.25
0,000532,1426,16.1,15.84,16.0,16.12,15.91,11:29:50.346,11298391,-1610,32921,1,52804912.0,15577,17344,0,3888,16.09,16.1,41,15,16.08,16.11,31,269,16.07,16.12,45,427,16.06,16.13,77,107,16.05,16.14,237,147,"(116,)",0,0,0,0,0.0,1426,343549687.5,12,1,20251029,19940103,344708398.4375,28910000.0,362531210.9375,3002627812.5,0.0,0.0,3000.0001192092896,23814080000.0,7278586250.0,4240848750.0,1487650937.5,40452.0,5723220000.0,401816992.1875,255648007.8125,15682362500.0,3493770000.0,1942217031.25,1229470000.0,1487062968.75,125281005.859375,1585390000.0,2214335000.0,357456992.1875,1487897031.25,1108880937.5,1035478046.875,10800865000.0,4.548999786376953,9.0,5531149968.750001,5531149968.750001
0,000533,2456,11.58,11.25,11.3,11.79,11.08,11:29:53.058,11298843,-1158,1144528,40,1301382784.0,580825,563704,-1,358108,11.58,11.59,338,42,11.57,11.6,461,8,11.56,11.61,180,33,11.55,11.62,87,16,11.54,11.63,144,455,"(4213,)",0,0,0,0,-0.08,2456,684902421.875,12,29,20251030,19940103,690816015.625,12380000.0,712901406.25,16972681250.0,0.0,0.0,1199.99997317791,28846875000.0,21643720000.0,2894471250.0,2172021093.75,61470.0,15412506250.0,1731632031.25,408143984.375,9479421250.0,16084637500.0,12526302500.0,13473422500.0,1326460000.0,901000.0610351562,1401695937.5,-828440000.0,3599662187.5,1345455000.0,1116487968.75,805149062.5,1192946953.125,1.371999979019165,9.0,7931170045.3125,7931170045.3125
0,000534,1912,31.96,29.05,29.55,31.96,29.2,11:29:40.830,11296805,-3196,159774,200,492260928.0,69388,90386,0,35549,31.96,0.0,39961,0,31.95,0.0,130,0,31.9,0.0,467,0,31.78,0.0,13,0,31.7,0.0,4,0,"(1077,)",0,0,0,0,0.0,1912,499970390.625,12,34,20251201,19940110,509548515.625,12270000.0,1387819062.5,7773266250.0,0.0,0.0,3400.000035762787,43513170000.0,13444661250.0,7592471875.0,4020859062.5,26898.0,10062311250.0,1726995000.0,3700984062.5,15675576250.0,9406015625.0,2482350000.0,5228810000.0,1866985000.0,4200000.0,166378007.8125,-1681574062.5,4415434062.5,1854810937.5,1503057968.75,1699364062.5,10830032500.0,3.075000047683716,9.0,15979053684.375,15979053684.375
0,000536,1782,4.69,4.67,4.71,4.73,4.68,11:29:57.192,11299532,-469,209634,30,98408704.0,121099,88536,0,14681,4.68,4.69,23371,3381,4.67,4.7,8748,20202,4.66,4.71,3947,21446,4.65,4.72,3301,10033,4.64,4.73,1882,10699,"(4020,)",0,0,0,0,0.21,1782,2763082500.0,20,35,20260202,19931126,2766032812.5,12390000.0,-8484942500.0,13161901250.0,0.0,0.0,-2599.9999046325684,54025455000.0,9741911250.0,38706955000.0,2871799062.5,230908.0,36012935000.0,168095996.09375,85945160000.0,5719182500.0,10393645000.0,13240040000.0,390173984.375,-7234697500.0,-273054003.90625,-398701992.1875,3042039062.5,1582473125.0,-7225550625.0,-7225550625.0,-7217018125.0,-113508640000.0,0.2070000022649765,9.0,12958856925.000002,12958856925.000002
0,000537,1434,8.53,8.49,8.55,8.58,8.5,11:29:54.888,11299148,-853,59112,33,50505280.0,25416,33696,0,6327,8.53,8.54,332,1211,8.52,8.55,2825,1296,8.51,8.56,1414,772,8.5,8.57,1339,1270,8.49,8.58,617,1825,"(53,)",0,0,0,0,-0.11,1434,2066602343.75,9,16,20260104,19931210,2066602343.75,13440000.0,9155205625.0,29240845000.0,0.0,0.0,3899.999856948853,942608800000.0,138783400000.0,415498840000.0,4363271875.0,42744.0,97754190000.0,59802940000.0,60553395000.0,200097840000.0,37071320000.0,17740440000.0,56013955000.0,13205081250.0,245742988.28125,40575125000.0,4491480000.0,0.0,13044197500.0,12021197500.0,8054956250.0,109108490000.0,9.682000160217283,9.0,17628117992.1875,17628117992.1875
0,000538,2048,57.08,57.0,56.8,57.23,56.71,11:29:25.758,11294293,-5708,50917,3,290037504.0,25153,25764,0,132060,57.07,57.08,9,50,57.06,57.09,10,82,57.05,57.1,8,348,57.04,57.11,62,53,57.03,57.12,85,45,"(2484,)",0,0,0,0,0.11,2048,1772794062.5,27,34,20251031,19931215,1784262656.25,12270000.0,43267280000.0,299151560000.0,0.0,0.0,26800.00066757202,533434840000.0,337767840000.0,30148797500.0,5460382500.0,166806.0,123663240000.0,844708984.375,176922120000.0,397334040000.0,306542160000.0,214395900000.0,102556330000.0,56050530000.0,9511711875.0,44559695000.0,-22275117500.0,57772155000.0,56150990000.0,47891705000.0,47771195000.0,178259440000.0,22.268999099731445,9.0,101191085087.5,101191085087.5
0,000539,1869,4.88,4.84,4.86,4.9,4.85,11:29:57.078,11299513,-488,108080,15,52738552.0,45178,62902,0,3290,4.87,4.88,968,1471,4.86,4.89,2231,2844,4.85,4.9,2058,7321,4.84,4.91,1248,1718,4.83,4.92,1178,3073,"(2164,)",0,0,0,0,0.0,1869,2555386875.0,12,16,20251215,19931126,5250283750.0,13440000.0,14670757500.0,425174600000.0,798407968.75,0.0,1099.9999940395355,1823159840000.0,330660440000.0,742638880000.0,37493035000.0,102671.0,439156080000.0,140338350000.0,50216880000.0,234348620000.0,377172560000.0,333851280000.0,92776790000.0,12921836250.0,6106353125.0,67898045000.0,17843301250.0,28138310000.0,12620461250.0,8714910000.0,5839360000.0,26219172500.0,4.464000225067139,9.0,12470287950.0,12470287950.0
0,000541,1055,6.4,6.31,6.35,6.43,6.35,11:29:56.166,11299361,-640,89960,23,57645176.0,30444,59516,0,4763,6.39,6.4,1791,107,6.38,6.41,578,3098,6.37,6.42,400,6111,6.36,6.43,3443,7405,6.35,6.44,180,2278,"(2804,)",0,0,0,0,0.16,1055,1230533203.125,12,23,20251030,19931123,1535778281.25,12380000.0,2509222500.0,68872740000.0,303673203.125,0.0,900.0000357627869,170579840000.0,92630420000.0,35852615000.0,3794795000.0,82691.0,62807795000.0,36337187500.0,8435180000.0,67098440000.0,65322000000.0,53491880000.0,21618765000.0,2022561875.0,393691992.1875,411341992.1875,-4536180937.5,21720150000.0,2018839062.5,1826860937.5,1410067968.75,39620795000.0,4.36899995803833,9.0,7875412500.0,7875412500.0
0,000543,1848,7.98,7.96,8.0,8.01,7.97,11:29:55.218,11299203,-798,119339,1,95316856.0,60082,59257,0,11608,7.97,7.98,2741,1477,7.96,7.99,4406,1669,7.95,8.0,3351,3006,7.94,8.01,3439,2561,7.93,8.02,1510,2801,"(2612,)",0,0,0,0,0.13,1848,2266863281.25,24,16,20251230,19931220,2266863281.25,13440000.0,15826461250.0,225405320000.0,0.0,0.0,8399.999737739563,682000320000.0,94544000000.0,325388960000.0,34858462500.0,55800.0,153665280000.0,80563190000.0,37819177500.0,171792300000.0,217726720000.0,181434260000.0,37613780000.0,33280615000.0,8474696250.0,63725725000.0,2288145000.0,6595656875.0,33291000000.0,28533265000.0,19059605000.0,75837655000.0,7.578000068664551,9.0,18089568984.375,18089568984.375
0,000544,704,8.63,8.59,8.68,8.68,8.62,11:29:54.828,11299138,-863,30487,19,26371414.0,16728,13760,0,8003,8.62,8.63,1658,209,8.61,8.64,1644,450,8.6,8.65,312,178,8.59,8.66,174,329,8.58,8.67,190,851,"(3252,)",0,0,0,0,0.0,704,974684531.25,13,39,20251110,19931208,974684531.25,13460000.0,9980718125.0,40877685000.0,0.0,0.0,10199.999809265137,429679400000.0,133868440000.0,22028395000.0,104056770000.0,24318.0,64394375000.0,9305777500.0,39467945000.0,110702720000.0,38998120000.0,18622350000.0,89645160000.0,10828682500.0,32304001.46484375,-3570012187.5,5251846250.0,268336015.625,10970536250.0,10623910000.0,10266199375.0,37695435000.0,9.30799961090088,9.0,8411527504.687501,8411527504.687501
0,000545,1476,2.99,2.95,3.02,3.09,2.97,11:29:58.212,11299702,-299,372641,90,113465024.0,215535,157106,-1,25960,2.99,3.0,5366,3278,2.98,3.01,1747,2794,2.97,3.02,2199,3809,2.96,3.03,2462,6739,2.95,3.04,1041,3660,"(53,)",0,0,0,0,0.0,1476,985403125.0,3,19,20260205,19931215,986833125.0,12260000.0,-547296992.1875,16243943750.0,0.0,0.0,-2399.99994635582,24774455000.0,6222388125.0,10506870000.0,674443984.375,70505.0,13009972500.0,2493764062.5,-2061265000.0,9121206250.0,12397576250.0,12700465000.0,1384382968.75,-2632765937.5,-298115996.09375,-851060000.0,-896232968.75,1200121015.625,-2630490000.0,-2332182031.25,-2326525937.5,1252735000.0,0.9240000247955322,9.0,2946355343.75,2946355343.75
0,000546,1401,5.8,5.79,5.85,5.89,5.8,11:29:56.526,11299421,-580,122709,1,71551000.0,66337,56372,0,2475,5.8,5.81,2706,448,5.79,5.82,1580,1359,5.78,5.83,880,490,5.77,5.84,1059,1396,5.76,5.85,361,2391,"(53,)",0,0,0,0,0.0,1401,696705234.375,3,39,20251028,19931215,777648281.25,12420000.0,1163856171.875,44914240000.0,0.0,0.0,-1299.9999523162842,55654000000.0,19525501250.0,12432211250.0,14987955000.0,51348.0,10269609375.0,4175870000.0,19696035000.0,40584660000.0,67448260000.0,69793050000.0,988050937.5,-1230616015.625,140814003.90625,-850350000.0,759800937.5,10884017500.0,-1238291015.625,-1281442968.75,-1018487968.75,10913285000.0,5.218999862670898,9.0,4040890359.375,4040890359.375
0,000547,2470,30.8,30.35,30.84,31.28,29.8,11:29:41.526,11296921,-3080,1909123,255,5823355392.0,1043098,866025,0,900170,30.8,30.81,1143,2,30.79,30.82,79,25,30.78,30.83,343,241,30.77,30.84,157,330,30.76,30.85,30,230,"(1077,)",0,0,0,0,0.26,2470,1589121093.75,20,24,20260128,19931130,1598468281.25,12390000.0,-5578913750.0,11901892500.0,0.0,0.0,-3100.000023841858,102200920000.0,60057210000.0,8897043125.0,4474281875.0,513098.0,44927995000.0,7836253125.0,52949545000.0,47010010000.0,16971436250.0,16107335000.0,19523801250.0,-5827238125.0,-645996015.625,-174790000.0,-5765507500.0,18667456250.0,-5678851250.0,-5476903750.0,-4888260937.5,-10255918125.0,2.940999984741211,9.0,48944929687.5,48944929687.5
0,000548,1042,5.82,5.81,5.86,5.89,5.81,11:29:56.514,11299419,-582,53147,7,31051256.0,25719,27428,0,3850,5.82,5.83,671,819,5.81,5.84,642,488,5.8,5.85,968,1749,5.79,5.86,306,1324,5.78,5.87,327,3906,"(117,)",0,0,0,0,0.0,1042,499173984.375,21,6,20260202,19931220,499215781.25,16540000.0,917972265.625,5142118125.0,0.0,0.0,1099.9999940395355,24637172500.0,13404381250.0,3326273125.0,1319079062.5,41964.0,3232470000.0,0.0,4782680000.0,20679706250.0,3784762187.5,2084720000.0,299374003.90625,827419062.5,4441000.061035156,-331911015.625,-1358236093.75,5318951875.0,812761015.625,563706992.1875,563706992.1875,9164661250.0,4.142000198364258,9.0,2905192589.0625,2905192589.0625
0,000550,1090,17.88,17.8,17.91,18.02,17.83,11:29:49.278,11298213,-1788,17560,4,31472374.0,7226,10334,0,3725,17.88,17.89,215,125,17.87,17.9,166,22,17.86,17.91,270,2,17.85,17.92,346,115,17.84,17.93,81,67,"(2869,)",0,0,0,0,-0.1,1090,518463203.125,22,7,20260125,19931201,863213984.375,12360000.0,11660910000.0,277306180000.0,344000000.0,0.0,8700.000047683716,296165720000.0,200663120000.0,58251530000.0,16781701250.0,39356.0,183006160000.0,-9901865000.0,8394425000.0,112568260000.0,272885240000.0,234564920000.0,57173945000.0,11075140000.0,-16678000.48828125,2019048125.0,-18813972500.0,18786440000.0,11070711250.0,4561828125.0,7491340000.0,93138590000.0,13.6899995803833,9.0,9270122071.875,9270122071.875
0,000551,1791,15.35,15.03,15.2,15.45,15.18,11:29:50.796,11298466,-1535,114854,5,176041296.0,56494,58360,0,19684,15.33,15.35,6,185,15.32,15.36,68,208,15.31,15.37,169,98,15.3,15.38,461,73,15.29,15.39,209,26,"(1652,)",0,0,0,0,-0.06,1791,482982304.6875,26,26,20251030,19940106,484733007.8125,12350000.0,2116350625.0,33564155000.0,0.0,0.0,4499.99988079071,61608655000.0,39035555000.0,9422528125.0,1650273125.0,29689.0,21112522500.0,10916588750.0,3209889062.5,28137837500.0,31229135000.0,23176747500.0,9823736875.0,3805078125.0,182884003.90625,3236249062.5,-67192998.046875,11883107500.0,3800040937.5,3225165937.5,2185059062.5,15782606250.0,5.804999828338623,9.0,7413778376.953125,7413778376.953125
0,000552,1708,2.48,2.47,2.49,2.5,2.47,11:29:58.518,11299753,-248,306921,2,76207528.0,151113,155808,0,16536,2.47,2.48,32345,12252,2.46,2.49,19564,39039,2.45,2.5,15449,30498,2.44,2.51,12333,24225,2.43,2.52,10394,17967,"(308,)",0,0,0,0,0.0,1708,3725807500.0,4,20,20260204,19940106,5351810625.0,11060000.0,10316924375.0,78013745000.0,0.0,0.0,-500.0000074505806,347535160000.0,86641920000.0,91719640000.0,52308245000.0,60596.0,63424120000.0,4142701250.0,35711280000.0,166649980000.0,61194600000.0,52372095000.0,8272050000.0,-2276359062.5,16892999.267578125,-2882105000.0,3306035000.0,13732311250.0,-2474352968.75,-2798489062.5,-2753616875.0,55119590000.0,3.053999900817871,9.0,9240002600.0,9240002600.0
0,000553,1169,6.03,6.05,6.11,6.13,6.03,11:29:56.388,11299398,-603,48832,29,29708668.0,30460,18372,0,3470,6.03,6.04,279,257,6.02,6.05,197,167,6.01,6.06,246,2,6.0,6.07,385,97,5.99,6.08,285,274,"(53,)",0,0,0,0,-0.32,1169,2177072031.25,19,28,20260205,19931203,2329811718.75,12260000.0,-18381120000.0,215232920000.0,152739804.6875,0.0,-1800.0000715255735,499306360000.0,262629000000.0,95471580000.0,43899810000.0,37192.0,204685880000.0,0.0,129504640000.0,184533440000.0,216784240000.0,160049560000.0,78044710000.0,-4366600000.0,74640000.0,23738600000.0,234670000.0,119689580000.0,-4174460000.0,-4228060000.0,-4228060000.0,11834630000.0,7.920000076293945,9.0,13127744348.4375,13127744348.4375
0,000554,1949,8.16,8.26,8.22,8.3,8.13,11:29:55.110,11299185,-816,264587,67,216765424.0,142802,121786,0,55945,8.16,8.17,212,847,8.15,8.18,1777,388,8.14,8.19,2262,381,8.13,8.2,2382,413,8.12,8.21,716,431,"(4661,)",0,0,0,0,-0.11,1949,362653203.125,15,5,20260202,19931215,480793281.25,15510000.0,533125898.4375,25371475000.0,0.0,0.0,2399.99994635582,18042937500.0,8610190000.0,4220953125.0,2323638125.0,59707.0,4936037187.5,47181000.9765625,1872127968.75,11583751250.0,23951855000.0,20021098750.0,52581000.9765625,1742842031.25,0.0,1606265000.0,624695000.0,4128542187.5,1675125000.0,1136691015.625,1131917968.75,3483962187.5,2.4089999198913574,9.0,2959250137.5,2959250137.5
0,000555,2398,18.19,17.85,17.84,18.34,17.77,11:29:49.092,11298182,-1819,439451,12,794763648.0,199014,240438,0,159168,18.19,18.2,20,415,18.18,18.21,96,106,18.17,18.22,243,251,18.16,18.23,369,525,18.15,18.24,330,80,"(4661,)",0,0,0,0,-0.04,2398,971903593.75,18,24,20251031,19940408,975774531.25,18650000.0,-1179462187.5,66797440000.0,0.0,0.0,-1099.9999940395355,136049690000.0,112153500000.0,3793796875.0,1855200000.0,76437.0,79655060000.0,296156015.625,23307025000.0,55414930000.0,86732730000.0,76748120000.0,20026751250.0,-2165999062.5,94035996.09375,-12946831250.0,-520871015.625,34244890000.0,-2180834062.5,-1695089062.5,-1067980000.0,22540422500.0,5.678999900817871,9.0,17678926370.3125,17678926370.3125
0,000557,1225,5.04,4.98,5.0,5.06,5.0,11:29:56.982,11299497,-504,77433,12,38970320.0,28204,49230,0,1550,5.03,5.04,633,1508,5.02,5.05,1272,4816,5.01,5.06,1766,6281,5.0,5.07,1726,4330,4.99,5.08,1375,1665,"(3252,)",0,0,0,0,0.0,1225,1457916250.0,14,8,20251030,19940617,1458374687.5,16530000.0,2241440468.75,9946761250.0,0.0,0.0,2000.0000298023224,69638980000.0,21548235000.0,29708450000.0,3948457812.5,37491.0,5312681875.0,0.0,43219080000.0,63665805000.0,9845450000.0,8014615000.0,741791015.625,3205570000.0,1645000937.5,3231361875.0,-2064232031.25,445127968.75,3165075937.5,2946665937.5,2946665937.5,4023443125.0,4.364999771118164,9.0,7347897900.0,7347897900.0
0,000558,1953,5.46,5.3,5.34,5.48,5.33,11:29:56.730,11299455,-546,395616,21,213799520.0,155846,239771,0,17547,5.46,5.47,1651,3515,5.45,5.48,1290,9290,5.44,5.49,1121,9412,5.43,5.5,2234,14206,5.42,5.51,2646,2242,"(3957,)",0,0,0,0,0.0,1953,1288684609.375,23,10,20251029,19940509,1289223984.375,23780000.0,-88421503.90625,1336413906.25,0.0,0.0,-99.99999776482582,26535822500.0,10555302500.0,5900611250.0,117018994.140625,151930.0,5165380937.5,2021003906.25,39592001.953125,10487426250.0,2262807031.25,1647181093.75,1071530937.5,-107150996.09375,-5038000.183105469,-3578371875.0,122168007.8125,5201800000.0,-97512998.046875,-125321992.1875,-184478007.8125,-2444405000.0,0.8130000233650208,9.0,7036217967.1875,7036217967.1875
0,000559,2465,17.7,17.42,17.41,17.93,17.38,11:29:49.386,11298231,-1770,878532,102,1550225408.0,422595,455938,-1,368726,17.69,17.7,129,124,17.68,17.71,327,303,17.67,17.72,91,387,17.66,17.73,89,293,17.65,17.74,612,856,"(3765,)",0,0,0,0,0.28,2465,3314544062.5,28,7,20251028,19940110,3315358437.5,12360000.0,7165648750.0,93849140000.0,0.0,0.0,2300.000041723252,246400720000.0,166226680000.0,24968290000.0,2367509062.5,277858.0,129701760000.0,2045207968.75,25965902500.0,93997530000.0,104056340000.0,86027890000.0,27730477500.0,8470111250.0,408808007.8125,14618292500.0,19860831250.0,35008127500.0,8490781875.0,7800899375.0,7733075000.0,26816622500.0,2.8350000381469727,9.0,58667429906.25,58667429906.25
0,000560,2158,3.51,3.55,3.55,3.64,3.45,11:29:57.900,11299650,-351,1140935,43,405116640.0,564628,576307,0,61181,3.51,3.52,3965,4518,3.5,3.53,7549,3889,3.49,3.54,4066,1544,3.48,3.55,4271,1193,3.47,3.56,3617,2318,"(1653,)",0,0,0,0,-0.56,2158,2255938437.5,27,11,20260130,19940202,2355500781.25,20700000.0,84866103.515625,87622990000.0,0.0,0.0,199.99999552965164,263801960000.0,97695880000.0,7714677500.0,12941855000.0,75298.0,128130680000.0,436337031.25,52961575000.0,94157540000.0,81653330000.0,74237120000.0,3265299062.5,438518007.8125,67056000.9765625,22413940000.0,-1274960000.0,2099392968.75,740396015.625,519805000.0,423268984.375,12976465000.0,3.996999979019165,9.0,7918343915.624999,7918343915.624999
0,000561,1890,11.57,11.41,11.6,11.65,11.51,11:29:53.064,11298844,-1157,122885,12,142426032.0,62930,59955,0,28269,11.56,11.57,1089,143,11.55,11.58,13,256,11.54,11.59,237,958,11.53,11.6,428,1526,11.52,11.61,889,125,"(1332,)",0,0,0,0,0.09,1890,716396093.75,8,24,20251231,19940509,864018203.125,12390000.0,-245057500.0,12547357500.0,0.0,0.0,-1000.0000149011612,67307400000.0,52646370000.0,8793782500.0,1545987031.25,92297.0,30984412500.0,1811660000.0,12076297500.0,31542362500.0,10251043125.0,6602645000.0,25278200000.0,-924305937.5,103505000.0,-5213126875.0,-18613000.48828125,18095760000.0,-918723046.875,-920562968.75,-876950937.5,10059803125.0,3.651000022888184,9.0,8288702804.6875,8288702804.6875
0,000563,1819,3.61,3.62,3.63,3.65,3.61,11:29:57.840,11299640,-361,384657,17,139710736.0,200202,184455,-1,16633,3.61,3.62,20760,16512,3.6,3.63,20421,17316,3.59,3.64,11916,23872,3.58,3.65,10589,62774,3.57,3.66,3224,31732,"(53,)",0,0,0,0,0.0,1819,5113970312.5,8,1,20260203,19940110,5113970312.5,19690000.0,9343827500.0,20162842500.0,0.0,0.0,1899.999976158142,282908160000.0,0.0,9441771250.0,275367988.28125,98385.0,0.0,0.0,64516710000.0,185767260000.0,21610597500.0,8384286250.0,0.0,13226312500.0,6862471875.0,10289488125.0,8659300625.0,0.0,13210155000.0,9960527500.0,9960528125.0,54188810000.0,3.75,9.0,18461432828.125,18461432828.125
0,000564,1990,2.36,2.35,2.37,2.37,2.35,11:29:58.590,11299765,-236,989275,5,233450224.0,467574,521702,-1,55145,2.36,2.37,43936,275884,2.35,2.38,273707,91308,2.34,2.39,109188,77683,2.33,2.4,43825,98328,2.32,2.41,40063,56427,"(4341,)",0,0,0,0,0.0,1990,14715017500.0,8,12,20260204,19940110,18058063750.0,15520000.0,1162121484.375,14287825000.0,0.0,0.0,0.0,349154040000.0,71464140000.0,27192300000.0,1711757968.75,341100.0,62408925000.0,15549475000.0,103382280000.0,157387360000.0,12089617500.0,8342147500.0,800057968.75,1361687968.75,1290067968.75,-8243532500.0,-7573903125.0,55852655000.0,1320859062.5,957605937.5,723552968.75,-112507560000.0,0.871999979019165,9.0,34727441300.0,34727441300.0
0,000565,1791,8.56,8.33,8.45,8.77,8.4,11:29:54.870,11299145,-856,220465,1,189602400.0,100092,120374,0,14576,8.56,8.57,174,878,8.55,8.58,453,65,8.54,8.59,851,170,8.53,8.6,232,803,8.52,8.61,322,655,"(3445,)",0,0,0,0,0.0,1791,433592187.5,25,19,20251029,19940408,433592187.5,12260000.0,150343701.171875,2679941250.0,0.0,0.0,399.9999910593033,16477981250.0,5202198125.0,2339835937.5,512360976.5625,53475.0,1722849062.5,297757011.71875,581571015.625,12467586250.0,2869513125.0,2133725000.0,1485765000.0,165675996.09375,420891992.1875,-377543984.375,-133007998.046875,891903046.875,164234003.90625,158181005.859375,164915000.0,6032688125.0,2.875,9.0,3711549125.0,3711549125.0
0,000566,1687,6.36,6.34,6.29,6.38,6.28,11:29:56.190,11299365,-636,198412,51,126018768.0,104758,93655,0,37243,6.36,6.37,3380,2954,6.35,6.38,5237,7736,6.34,6.39,2215,2985,6.33,6.4,3011,4076,6.32,6.41,2082,4163,"(5365,)",0,0,0,0,0.0,1687,1296735625.0,30,34,20260204,19940525,1297365234.375,12270000.0,-2951889375.0,8047272500.0,0.0,0.0,-1899.999976158142,57900955000.0,12353477500.0,18539462500.0,7524378125.0,128790.0,43598290000.0,439918984.375,27940925000.0,2783713125.0,6396838125.0,4753056875.0,3371587812.5,-2581568906.25,60389003.90625,258736015.625,-627003984.375,2927528750.0,-2589889062.5,-2626455000.0,-2423072031.25,-38714335000.0,0.2150000035762787,9.0,8247238575.0,8247238575.0
0,000567,1456,5.93,5.85,5.9,5.96,5.89,11:29:56.448,11299408,-593,82719,1,49078056.0,35821,46898,0,3859,5.92,5.93,119,2178,5.91,5.94,2103,1284,5.9,5.95,1744,3482,5.89,5.96,1065,5381,5.88,5.97,1360,2211,"(2228,)",0,0,0,0,0.0,1456,1949902187.5,30,1,20251202,19940525,1954592187.5,19690000.0,5172437187.5,8557522500.0,0.0,0.0,900.0000357627869,86400030000.0,37747515000.0,41223999.0234375,197329003.90625,48040.0,24002580000.0,177664003.90625,20392262500.0,53924180000.0,4574698125.0,30635998.53515625,462496015.625,1942292968.75,12243000.48828125,12674213750.0,2173361875.0,0.0,2093363125.0,1708486875.0,1708940937.5,11559790000.0,2.759000062942505,9.0,11562919971.875,11562919971.875
