market,code,active1,price,last_close,open,high,low,servertime,reversed_bytes0,reversed_bytes1,vol,cur_vol,amount,s_vol,b_vol,reversed_bytes2,reversed_bytes3,bid1,ask1,bid_vol1,ask_vol1,bid2,ask2,bid_vol2,ask_vol2,bid3,ask3,bid_vol3,ask_vol3,bid4,ask4,bid_vol4,ask_vol4,bid5,ask5,bid_vol5,ask_vol5,reversed_bytes4,reversed_bytes5,reversed_bytes6,reversed_bytes7,reversed_bytes8,reversed_bytes9,active2,liutongguben,province,industry,updated_date,ipo_date,zongguben,guojiagu,faqirenfarengu,farengu,bgu,hgu,zhigonggu,zongzichan,liudongzichan,gudingzichan,wuxingzichan,gudongrenshu,liudongfuzhai,changqifuzhai,zibengongjijin,jingzichan,zhuyingshouru,zhuyinglirun,yingshouzhangkuan,yingyelirun,touzishouyu,jingyingxianjinliu,zongxianjinliu,cunhuo,lirunzonghe,shuihoulirun,jinglirun,weifenpeilirun,meigujingzichan,baoliu2,liutongguben_raw,liutongguben_factor,流通盘,circulating
0,000004,277,9.28,9.77,9.28,9.28,9.28,14:59:56.663,14999073,-928,3681,16,3415968.0,180,3501,0,3183,0.0,9.28,0,157830,0.0,9.29,0,269,0.0,9.3,0,104,0.0,9.31,0,4,0.0,9.32,0,4,"(22,)",0,0,0,0,0.0,277,126287802.734375,18,24,20260204,19901201,132380302.734375,18650000.0,-358267500.0,758943828.125,0.0,0.0,-2000.0000298023224,2605456093.75,1487138906.25,104964003.90625,251696992.1875,15236.0,1705986875.0,72962998.046875,12321915000.0,369476992.1875,510224023.4375,155399003.90625,462230000.0,-242540000.0,602781015.625,-123660996.09375,-173942011.71875,39596999.51171875,-342360000.0,-343110000.0,-270908007.8125,-13410381250.0,0.2790000140666961,9.0,126287802.734375,1,1171950809.375,1171950809.375
0,000007,2310,12.3,11.82,11.87,12.45,11.75,14:59:55.576,14998771,-1230,125559,1232,152199712.0,59450,66110,-1,19740,12.3,12.31,325,300,12.29,12.32,23,592,12.28,12.33,63,7,12.27,12.34,43,70,12.26,12.35,160,315,"(3734,)",0,0,0,0,0.08,2310,346448007.8125,18,10,20251031,19920413,346448007.8125,20700000.0,31760900.87890625,1542256875.0,0.0,0.0,99.99999776482582,3705430937.5,2598828906.25,435443007.8125,945999.9847412108,12551.0,1599967031.25,144065000.0,1570240937.5,1826725937.5,2998466875.0,2659123125.0,550212031.25,28079001.46484375,1138000.030517578,2837065937.5,-257132011.71875,549862968.75,35642998.046875,24640000.0,34179001.46484375,-3279330937.5,0.5270000100135803,9.0,346448007.8125,1,4261310496.0937505,4261310496.0937505
0,000010,2511,3.62,3.55,3.54,3.84,3.5,14:59:58.700,14999639,-362,465053,3580,169071888.0,191078,273975,-1,9006,3.62,3.63,705,1636,3.61,3.64,2726,1012,3.6,3.65,3579,2392,3.59,3.66,2001,1027,3.58,3.67,2228,2307,"(22,)",0,0,0,0,0.0,2511,848033437.5,18,21,20251216,19951027,1149652265.625,14480000.0,-594307617.1875,3538041250.0,0.0,0.0,-299.99999329447746,27194105000.0,21016562500.0,54823999.0234375,17625999.755859375,34767.0,23266005000.0,447741015.625,21103560000.0,3264786875.0,4246812812.5,3909369062.5,15298285000.0,-222531015.625,-7787999.877929687,-411815000.0,-549964023.4375,1034025000.0,-271158007.8125,-305187011.71875,-319038984.375,-28424925000.0,0.2840000092983246,9.0,848033437.5,1,3069881043.75,3069881043.75
0,000011,2036,9.28,9.06,9.13,9.31,9.09,14:59:56.663,14999073,-928,84434,517,77856744.0,37100,47334,1,7459,9.27,9.28,154,710,9.26,9.29,294,782,9.25,9.3,1038,946,9.24,9.31,5,192,9.23,9.32,44,256,"(790,)",0,0,0,0,0.11,2036,526475507.8125,18,11,20251030,19920330,595979101.5625,20700000.0,35810200.1953125,13178067500.0,67605200.1953125,0.0,500.0000074505806,153041960000.0,142511010000.0,427474023.4375,3370000.0,37276.0,46318395000.0,-1376573125.0,804880000.0,33937560000.0,17157720000.0,12862247500.0,6030171875.0,360598007.8125,7345000.0,-23751710000.0,3675944062.5,108231440000.0,480114023.4375,260592988.28125,322211015.625,25949710000.0,5.693999767303467,9.0,526475507.8125,1,4885692712.5,4885692712.5
0,000014,848,14.53,13.21,14.53,14.53,14.53,14:59:54.773,14998548,-1453,52433,163,76185792.0,44535,7898,0,227180,14.53,0.0,58624,0,14.52,0.0,165,0,14.51,0.0,183,0,14.5,0.0,1102,0,14.49,0.0,51,0,"(2838,)",0,0,0,0,0.0,848,242046191.40625,18,11,20251031,19920602,242046191.40625,20700000.0,468801601.5625,3251224687.5,0.0,0.0,-1299.9999523162842,23184745000.0,19459697500.0,176026992.1875,0.0,26220.0,6582171875.0,515870000.0,99692001.953125,15913248750.0,208587988.28125,163787001.953125,55407001.953125,-406851992.1875,0.0,575149023.4375,539035000.0,13983501250.0,-407065000.0,-324804003.90625,-322223007.8125,10506477500.0,6.574999809265137,9.0,242046191.40625,1,3516931161.1328125,3516931161.1328125
0,000017,2891,7.8,7.71,7.76,7.84,7.74,14:59:57.196,14999221,-780,123753,1136,96456776.0,55124,68629,-1,2871,7.8,7.81,781,195,7.79,7.82,362,1533,7.78,7.83,125,957,7.77,7.84,243,1553,7.76,7.85,1038,1597,"(22,)",0,0,0,0,0.0,2891,440821992.1875,18,41,20251106,19920331,689184921.875,12240000.0,74221401.3671875,2794618750.0,248363007.8125,0.0,399.9999910593033,4665168125.0,4549443125.0,27067001.953125,0.0,54235.0,801017031.25,97653007.8125,7977092500.0,3742865000.0,5776741250.0,5217251250.0,2301965000.0,398701015.625,0.0,-550133984.375,-384926015.625,1750640000.0,414643007.8125,313495996.09375,309371992.1875,-11448688750.0,0.5429999828338623,9.0,440821992.1875,1,3438411539.0625,3438411539.0625
0,000019,2469,7.16,7.12,7.18,7.2,7.12,14:59:57.426,14999285,-716,98372,1170,70426688.0,47745,50628,0,6828,7.16,7.17,629,895,7.15,7.18,990,470,7.14,7.19,495,1221,7.13,7.2,1527,734,7.12,7.21,853,250,"(5206,)",0,0,0,0,0.0,2469,416216406.25,18,17,20260202,19921012,1152535234.375,15510000.0,2442543437.5,38018845000.0,51749301.7578125,0.0,2099.9999344348907,70118570000.0,40553400000.0,19740806250.0,4393831875.0,43016.0,18876087500.0,16100999.755859377,12719082500.0,49891070000.0,39184755000.0,32557362500.0,1590882031.25,3056041875.0,-20161999.51171875,12651572500.0,320012011.71875,35200365000.0,3065269062.5,2434335000.0,2435265000.0,19486150000.0,4.328999996185303,9.0,416216406.25,1,2980109468.75,2980109468.75
0,000020,1888,15.3,15.3,15.43,15.51,15.24,14:59:54.496,14998471,-1530,52611,1809,80839936.0,30495,22116,0,2639,15.29,15.3,360,156,15.28,15.31,143,327,15.27,15.32,158,3,15.26,15.33,119,206,15.25,15.34,126,449,"(150,)",0,0,0,0,-0.06,1888,181165390.625,18,35,20251025,19920428,283161191.40625,12390000.0,142430498.046875,6062678750.0,101995800.78125,0.0,799.9999821186066,7532313125.0,5082980000.0,1613215000.0,328326992.1875,28401.0,3228700937.5,0.0,1465776875.0,4249259062.5,6829502500.0,5992382500.0,2295464062.5,256423007.8125,5545000.0,-446760000.0,-461106015.625,706965000.0,256537988.28125,212668984.375,212668984.375,-822046015.625,1.5010000467300415,9.0,181165390.625,1,2771830476.5625,2771830476.5625
0,000037,2315,9.56,9.48,9.48,9.58,9.41,14:59:56.562,14999045,-956,130232,1257,124003624.0,63131,67101,-1,7044,9.56,9.57,805,1942,9.55,9.58,617,2716,9.54,9.59,358,1062,9.53,9.6,316,2523,9.52,9.61,463,823,"(22,)",0,0,0,0,0.0,2315,338908203.125,18,16,20251028,19940701,602762617.1875,13440000.0,-456282304.6875,3710090000.0,263854492.1875,0.0,-299.99999329447746,20115106250.0,9689381875.0,5511498125.0,21145000.0,46770.0,3255406875.0,322728007.8125,3627709062.5,14701151250.0,2789325000.0,2371450000.0,1079611015.625,-101353007.8125,167581015.625,-496660976.5625,-4244192187.5,795377031.25,-116253007.8125,-157152001.953125,-199431992.1875,1666651875.0,2.438999891281128,9.0,338908203.125,1,3239962421.875,3239962421.875
0,000055,1470,4.05,3.99,4.05,4.08,4.01,14:59:58.546,14999596,-405,95018,427,38529576.0,47478,47540,0,1705,4.04,4.05,951,63,4.03,4.06,1212,1514,4.02,4.07,601,2045,4.01,4.08,2703,3944,4.0,4.09,2802,3444,"(1046,)",0,0,0,0,0.0,1470,675852265.625,18,21,20251029,19960415,1073874218.75,12330000.0,1497111875.0,32065550000.0,394158789.0625,0.0,99.99999776482582,131273680000.0,57096530000.0,9282328125.0,834833984.375,44847.0,46243140000.0,483281015.625,43578999.0234375,60894575000.0,25593002500.0,21004365000.0,9851680000.0,140420996.09375,-12114000.244140623,-1942609062.5,-4371181875.0,7522772500.0,130710000.0,159116005.859375,158903007.8125,47673890000.0,5.671000003814697,9.0,675852265.625,1,2737201675.78125,2737201675.78125
0,000056,4456,2.19,2.28,2.31,2.43,2.19,14:59:59.215,14999782,-219,2453413,68961,558025984.0,1113992,1339421,-1,306253,2.19,2.2,951,1656,2.18,2.21,13771,3585,2.17,2.22,3398,7891,2.16,2.23,4232,1889,2.15,2.24,5048,3896,"(1366,)",0,0,0,0,-0.44,4456,903726562.5,18,12,20251025,19960708,1182528203.125,21720000.0,-2615753437.5,5227356250.0,243235000.0,0.0,-20999.999046325684,20958997500.0,6506143125.0,996441015.625,284556015.625,58475.0,40585030000.0,-433733007.8125,16453230000.0,-20867242500.0,33114355000.0,24236710000.0,1260517031.25,-33607130000.0,-2567000.1220703125,1620362968.75,-173339003.90625,759156015.625,-33720940000.0,-24501895000.0,-24443800000.0,-47131430000.0,-1.7649999856948853,9.0,903726562.5,1,1979161171.875,1979161171.875
0,000068,1691,3.56,3.53,3.56,3.59,3.54,14:59:58.722,14999645,-356,132744,2116,47341584.0,70242,62502,0,1150,3.56,3.57,1837,8724,3.55,3.58,4244,2132,3.54,3.59,1730,7933,3.53,3.6,1573,5399,3.52,3.61,736,3064,"(22,)",0,0,0,0,0.0,1691,1006671484.375,18,39,20251030,19970611,1006671484.375,15510000.0,-733717187.5,5918214375.0,0.0,0.0,-1000.0000149011612,40219865000.0,14311812500.0,571526992.1875,1144212968.75,38067.0,17086326250.0,3901280000.0,11886831250.0,6079765000.0,5176196250.0,4781256875.0,4205048750.0,-396598007.8125,-725000.0,2500684062.5,-426075000.0,593673007.8125,-899275000.0,-968298046.875,-1000640000.0,-17450876250.0,0.6039999723434448,9.0,1006671484.375,1,3583750484.375,3583750484.375
0,000151,2005,13.72,13.61,13.69,13.77,13.62,14:59:55.064,14998629,-1372,55491,713,76004152.0,28302,27190,-1,3724,13.71,13.72,32,3264,13.69,13.73,30,3387,13.68,13.74,28,19,13.67,13.75,40,320,13.66,13.76,121,902,"(5142,)",0,0,0,0,-0.06,2005,307934707.03125,7,13,20260203,20000906,337370703.125,15510000.0,-1428463750.0,9149068750.0,0.0,0.0,-799.9999821186066,21975712500.0,19033037500.0,741727968.75,265443984.375,26817.0,18864618750.0,-1003874062.5,9930790625.0,3328605000.0,8262118750.0,6859642500.0,2156232031.25,-295691992.1875,274084003.90625,-867405937.5,-541215000.0,1609050937.5,-293066992.1875,-340860000.0,-283750996.09375,-11422436250.0,0.9869999885559082,9.0,307934707.03125,1,4224864180.46875,4224864180.46875
0,000153,1668,6.73,6.68,6.71,6.73,6.69,14:59:57.581,14999328,-673,75117,751,50404172.0,38825,36293,0,2520,6.72,6.73,436,3983,6.71,6.74,177,1232,6.7,6.75,151,2311,6.69,6.76,799,970,6.68,6.77,594,576,"(3862,)",0,0,0,0,0.15,1668,458868515.625,24,34,20260110,20000920,464685507.8125,12270000.0,1473028437.5,32614227500.0,0.0,0.0,2199.999988079071,49684010000.0,20919348750.0,11110061250.0,2393592031.25,39078.0,23050822500.0,244270000.0,4581380000.0,21015455000.0,31251460000.0,25781397500.0,11004463750.0,1143336015.625,84765000.0,888135000.0,192407988.28125,5794623750.0,1139499062.5,982150000.0,1002842968.75,10438818125.0,4.521999835968018,9.0,458868515.625,1,3088185110.15625,3088185110.15625
0,000159,2651,7.0,6.95,7.04,7.09,6.95,14:59:57.484,14999301,-700,216985,1312,152484960.0,116274,100712,1,8589,6.99,7.0,1072,2538,6.98,7.01,1784,4209,6.97,7.02,357,1880,6.96,7.03,847,1881,6.95,7.04,1379,1097,"(4758,)",0,0,0,0,0.14,2651,480672890.625,2,5,20260203,20000926,480686015.625,15510000.0,-4520752500.0,24325540000.0,0.0,0.0,399.9999910593033,35973622500.0,17465625000.0,3674735937.5,503702968.75,43685.0,14572730000.0,-2347999.8779296875,2220175000.0,20382235000.0,13022165000.0,11613338750.0,6390658750.0,290379003.90625,0.0,-1577413906.25,1016092968.75,1244207968.75,291404003.90625,200225000.0,201089003.90625,11678711250.0,4.239999771118164,9.0,480672890.625,1,3364710234.375,3364710234.375
0,000404,2016,7.18,7.12,7.18,7.22,7.13,14:59:57.419,14999283,-718,109541,1189,78698960.0,51106,58435,0,9291,7.17,7.18,665,1510,7.16,7.19,2174,1522,7.15,7.2,1481,2475,7.14,7.21,605,2553,7.13,7.22,1400,3173,"(22,)",0,0,0,0,0.14,2016,692719609.375,22,23,20251023,19960619,695996015.625,12340000.0,3759364062.5,96869820000.0,0.0,0.0,5500.00011920929,151571590000.0,115506160000.0,15750201250.0,2046110000.0,30044.0,89338320000.0,13812912500.0,15952551250.0,42522180000.0,93490320000.0,80946260000.0,27403372500.0,6103385000.0,699833984.375,4739920000.0,12938211250.0,13725431250.0,6111013750.0,5252245000.0,3798670000.0,18454576250.0,6.109000205993652,9.0,692719609.375,1,4973726795.3125,4973726795.3125
0,000407,3215,5.15,5.09,5.13,5.19,5.06,14:59:58.150,14999486,-515,458078,10907,234916736.0,218061,240018,0,13194,5.15,5.16,6094,10039,5.14,5.17,3243,5019,5.13,5.18,6055,6845,5.12,5.19,2383,5715,5.11,5.2,941,5768,"(3862,)",0,0,0,0,0.0,3215,875782187.5,15,42,20251028,19960703,880084687.5,13450000.0,1097279296.875,32046335000.0,0.0,0.0,1400.0000059604645,60481505000.0,16044335000.0,19060712500.0,1239694062.5,46665.0,22134275000.0,3276839062.5,9566946250.0,30461427500.0,30422630000.0,25542452500.0,4073240937.5,1908792031.25,296963984.375,-447916015.625,-1866152968.75,4144196250.0,1921075937.5,1512384062.5,1200776953.125,9270017500.0,3.4609999656677246,9.0,875782187.5,1,4510278265.625,4510278265.625
0,000411,1644,12.48,12.27,12.33,12.49,12.3,14:59:55.511,14998753,-1248,62840,899,77890592.0,31425,31416,0,5659,12.48,12.49,1190,408,12.47,12.5,159,544,12.46,12.51,491,304,12.45,12.52,699,235,12.44,12.53,815,112,"(3414,)",0,0,0,0,0.0,1644,367791718.75,28,12,20260204,19960716,564996015.625,15510000.0,3549946562.5,247770580000.0,0.0,0.0,6200.000047683716,173118180000.0,152016240000.0,9918288125.0,2593361875.0,30780.0,113102050000.0,5987425000.0,19923605000.0,47626730000.0,249625020000.0,232850520000.0,79727730000.0,5637313125.0,-9141000.366210938,-11126865000.0,-231103007.8125,43519420000.0,5405990000.0,3809376250.0,3225005000.0,21021440000.0,8.984000205993652,9.0,367791718.75,1,4590040650.0,4590040650.0
0,000419,1968,6.68,6.66,6.68,6.78,6.64,14:59:57.599,14999333,-668,107528,574,71878616.0,56334,51194,1,8103,6.67,6.68,213,1827,6.66,6.69,2041,554,6.65,6.7,1132,954,6.64,6.71,531,1644,6.63,6.72,812,1744,"(790,)",0,0,0,0,0.15,1968,543582695.3125,21,12,20260115,19960816,543582695.3125,15520000.0,1461816718.75,12834572500.0,0.0,0.0,2300.000041723252,56931980000.0,25169380000.0,6940940625.0,1927214062.5,25729.0,11140572500.0,3254465000.0,4173943125.0,34974000000.0,13563580000.0,10466496250.0,693097031.25,1615265937.5,764592031.25,2976674062.5,1796407968.75,1916800937.5,1643415000.0,1369124062.5,1244138984.375,14403515000.0,6.434000015258789,9.0,543582695.3125,1,3631132404.6875,3631132404.6875
0,000421,2678,7.08,7.08,7.08,7.14,7.06,14:59:57.455,14999293,-708,113678,540,80555416.0,54924,58754,0,984,7.08,7.09,330,748,7.07,7.1,3891,1067,7.06,7.11,2215,973,7.05,7.12,993,990,7.04,7.13,177,1243,"(22,)",0,0,0,0,-0.13,2678,574296289.0625,26,42,20251028,19960806,574415703.125,13450000.0,-144157802.734375,36379860000.0,0.0,0.0,2000.0000298023224,105708600000.0,48398695000.0,36912897500.0,1069474062.5,31623.0,55550710000.0,11936232500.0,4081243125.0,28097875000.0,59683190000.0,51473180000.0,3359805000.0,2560211875.0,121943007.8125,15770742500.0,-23207001.953125,21868755000.0,2591796093.75,1877730000.0,1159011015.625,16109748750.0,4.892000198364258,9.0,574296289.0625,1,4066017726.5625,4066017726.5625
0,000428,2651,3.95,3.98,3.96,4.02,3.9,14:59:58.582,14999606,-395,317172,2724,124963088.0,183898,133274,1,17947,3.94,3.95,2954,1463,3.93,3.96,1040,5745,3.92,3.97,1223,4098,3.91,3.98,4338,2031,3.9,3.99,7905,1759,"(86,)",0,0,0,0,0.25,2651,1018926015.625,21,10,20251029,19960808,1018926015.625,17610000.0,-1115811406.25,4550696250.0,0.0,0.0,-1500.0000596046448,44984410000.0,9729132500.0,19271801250.0,3271310000.0,46075.0,31213297500.0,-5472375000.0,14520462500.0,13937892500.0,3981031875.0,3441878125.0,472371015.625,-2000064062.5,-103377001.953125,227386015.625,46957001.953125,4695887812.5,-1992322031.25,-1954651875.0,-1562063906.25,-12241890000.0,1.368000030517578,9.0,1018926015.625,1,4024757761.71875,4024757761.71875
0,000430,1479,7.49,7.29,7.31,7.52,7.27,14:59:57.307,14999252,-749,76817,911,56763784.0,34458,42359,2,3377,7.48,7.49,363,355,7.47,7.5,112,660,7.46,7.51,84,506,7.45,7.52,297,737,7.44,7.53,194,207,"(2582,)",0,0,0,0,0.4,1479,370556484.375,21,10,20251226,19960829,809635390.625,23780000.0,-647250507.8125,3102056875.0,0.0,0.0,-599.9999865889549,20991755000.0,1186190000.0,8871136875.0,4541523125.0,19698.0,8568122500.0,0.0,8522395000.0,2677614062.5,3365975000.0,2735040937.5,81823999.0234375,-132520000.0,22868999.0234375,418876992.1875,59000000.0,37773999.0234375,-133357998.046875,-223963984.375,-223963984.375,-10515551250.0,0.6610000133514404,9.0,370556484.375,1,2775468067.96875,2775468067.96875
0,000488,603,2.12,2.1,2.11,2.12,2.1,14:59:59.240,14999789,-212,84724,1889,17904196.0,58071,26654,0,3644,2.11,2.12,16367,30283,2.1,2.13,14886,28087,2.09,2.14,5216,4688,2.08,2.15,3285,7222,2.07,2.16,1863,2962,"(4182,)",0,0,0,0,0.47,603,1681387343.75,15,38,20251031,20001120,2941456250.0,12220000.0,-7100985000.0,198247460000.0,706385234.375,528305195.3125,-20499.99952316284,528549760000.0,85279520000.0,297749800000.0,16165218750.0,109647.0,400892040000.0,21475597500.0,52412795000.0,31968895000.0,33478605000.0,54326125000.0,8824521250.0,-65228440000.0,-7154050000.0,7025893125.0,-405815000.0,26830045000.0,-65493170000.0,-64365090000.0,-60078160000.0,-53999990000.0,1.087000012397766,9.0,1681387343.75,1,3564541168.75,3564541168.75
0,000504,454,8.84,8.76,8.83,8.9,8.71,14:59:56.821,14999117,-884,24722,161,21830978.0,11081,13641,0,247,8.83,8.84,73,16,8.82,8.85,217,296,8.81,8.86,177,491,8.8,8.87,130,772,8.79,8.88,200,485,"(22,)",0,0,0,0,-0.1,454,329117890.625,21,34,20251027,19921208,330023085.9375,22750000.0,-84107597.65625,924170625.0,0.0,0.0,199.99999552965164,8419559375.0,5174368125.0,1484317031.25,623653984.375,12189.0,3643578750.0,1203283984.375,4234728125.0,2423275000.0,834383984.375,305173007.8125,1382132968.75,-24811000.9765625,53103002.9296875,173248007.8125,-447125000.0,462548007.8125,-31110000.0,-31495000.0,52322998.046875,-5457141250.0,0.734000027179718,9.0,329117890.625,1,2909402153.125,2909402153.125
0,000505,2288,7.2,7.17,7.18,7.34,7.17,14:59:57.412,14999281,-720,146825,2321,106207944.0,76756,70069,0,5715,7.19,7.2,1315,104,7.18,7.21,1163,429,7.17,7.22,572,604,7.16,7.23,673,516,7.15,7.24,1533,676,"(22,)",0,0,0,0,0.14,2288,632380390.625,30,14,20260105,19921221,726950234.375,12130000.0,278544296.875,94933670000.0,64975000.0,0.0,-700.0000029802322,84974840000.0,64703845000.0,8351063125.0,3744364062.5,57700.0,38193735000.0,3401301875.0,16836737500.0,30783515000.0,62115240000.0,59029200000.0,976221953.125,-528590000.0,44873002.9296875,1490879062.5,5031657812.5,33017137500.0,-679746015.625,-787287031.25,-515016015.625,5288969375.0,4.235000133514404,9.0,632380390.625,1,4553138812.5,4553138812.5
0,000507,1631,5.47,5.44,5.47,5.51,5.45,14:59:58.034,14999454,-547,93527,778,51222576.0,46899,46628,-1,3490,5.47,5.48,1644,4899,5.46,5.49,2694,2191,5.45,5.5,1748,3088,5.44,5.51,1466,5425,5.43,5.52,383,1153,"(342,)",0,0,0,0,0.18,1631,902354531.25,12,16,20260202,19930326,919734921.875,16550000.0,2387892187.5,40335870000.0,0.0,0.0,2500.0,202266560000.0,57418140000.0,69174775000.0,13909947500.0,66552.0,43900485000.0,29694100000.0,13712315000.0,62724800000.0,32439140000.0,23354847500.0,13021222500.0,5420471250.0,1528277968.75,6926250000.0,-12811961250.0,2749243125.0,5137523125.0,3937955937.5,2483917031.25,25570240000.0,5.951000213623047,9.0,902354531.25,1,4935879285.9375,4935879285.9375
0,000509,1742,3.52,3.46,3.48,3.55,3.48,14:59:58.736,14999649,-352,163391,1593,57505132.0,61852,101539,-1,1531,3.52,3.53,1058,1418,3.51,3.54,1370,6523,3.5,3.55,1117,9736,3.49,3.56,1487,2382,3.48,3.57,1236,2875,"(22,)",0,0,0,0,0.0,1742,1073124765.625,23,35,20260122,19930507,1073127968.75,12390000.0,-123317099.609375,7154946875.0,0.0,0.0,-99.99999776482582,8714050625.0,6069130625.0,1357792031.25,311953007.8125,35000.0,4535873125.0,809075937.5,2507822031.25,1242707031.25,5884425000.0,5588291250.0,1844973125.0,-87219003.90625,0.0,-16149000.244140623,-146022998.046875,1685170000.0,-86327001.953125,-92207001.953125,-98557998.046875,-12156351250.0,0.1159999966621398,9.0,1073124765.625,1,3777399175.0,3777399175.0
0,000514,2061,5.26,5.17,5.19,5.31,5.18,14:59:58.110,14999475,-526,175849,1747,92330568.0,77162,98687,0,1759,5.25,5.26,1234,1288,5.24,5.27,776,2094,5.23,5.28,912,3088,5.22,5.29,864,2558,5.21,5.3,928,6414,"(2774,)",0,0,0,0,0.19,2061,843770937.5,25,11,20260119,19930712,843770937.5,20700000.0,-455557812.5,2950316250.0,0.0,0.0,1899.999976158142,72499295000.0,39454885000.0,5755298750.0,996840000.0,50739.0,24339522500.0,2779458125.0,11977821250.0,37923340000.0,1982080000.0,1626945937.5,2423042968.75,1819432031.25,2457876875.0,604072031.25,-28726000.9765625,27342627500.0,1895022031.25,1592417968.75,1613361093.75,15454873750.0,4.494999885559082,9.0,843770937.5,1,4438235131.25,4438235131.25
0,000518,562,2.59,2.61,2.62,2.64,2.58,14:59:59.071,14999742,-259,92185,1514,24034534.0,56357,35829,0,893,2.59,2.6,2264,2170,2.58,2.61,4705,2707,2.57,2.62,651,7896,2.56,2.63,1311,1053,2.55,2.64,2078,5900,"(4182,)",0,0,0,0,0.0,562,1029535703.125,26,34,20260204,19930908,1029556328.125,12270000.0,-146171601.5625,1559943437.5,0.0,0.0,-99.99999776482582,5091444062.5,3968364062.5,486351992.1875,102902001.953125,59387.0,892163984.375,264620000.0,355726992.1875,3590159062.5,2943740937.5,1948471093.75,742903984.375,-131306005.859375,15474000.244140623,839712031.25,681520000.0,2222590937.5,-140775000.0,-134955000.0,-126972998.046875,-7445830000.0,0.3490000069141388,9.0,1029535703.125,1,2666497471.09375,2666497471.09375
0,000520,2189,4.57,4.43,4.43,4.6,4.43,14:59:58.358,14999544,-457,306788,5671,138555200.0,120720,186069,0,6056,4.56,4.57,2657,1329,4.55,4.58,15384,6378,4.54,4.59,2280,2923,4.53,4.6,1357,6497,4.52,4.61,998,1444,"(3670,)",0,0,0,0,0.44,2189,1012083437.5,19,8,20260202,19931025,1012083437.5,16550000.0,-220828808.59375,7554985000.0,0.0,0.0,-599.9999865889549,6312420000.0,3285734062.5,2813350937.5,0.0,71642.0,1990855000.0,0.0,19600945000.0,4027560937.5,5485069375.0,5161455000.0,866736015.625,-555248007.8125,0.0,-46137998.046875,761153984.375,101790000.0,-555385976.5625,-556171015.625,-556171015.625,-28177977500.0,0.3980000019073486,9.0,1012083437.5,1,4625221309.375,4625221309.375
0,000526,1318,38.34,38.4,38.68,38.69,38.15,14:59:46.201,14996167,-3834,14338,196,55019512.0,8264,6075,0,4293,38.33,38.34,13,41,38.32,38.35,47,43,38.31,38.36,6,47,38.3,38.37,13,65,38.29,38.38,27,45,"(4950,)",0,0,0,0,0.03,1318,119459501.953125,20,18,20251105,19931101,121861103.515625,25830000.0,1757280000.0,22468170000.0,0.0,0.0,19500.00047683716,42322980000.0,15716176250.0,1927821093.75,78358002.9296875,16988.0,27625010000.0,-276324003.90625,9569590625.0,9972450000.0,26129512500.0,17281623750.0,111062998.046875,2885261875.0,136429003.90625,7617811250.0,-904396953.125,233398007.8125,2847046250.0,2266232031.25,2311136875.0,219426992.1875,8.184000015258789,9.0,119459501.953125,1,4580077304.8828125,4580077304.8828125
0,000529,1584,6.27,6.22,6.29,6.29,6.23,14:59:57.746,14999374,-627,67777,718,42461100.0,29762,38015,-1,11637,6.27,6.28,292,962,6.26,6.29,452,3865,6.25,6.3,447,3215,6.24,6.31,600,1131,6.23,6.32,532,919,"(1238,)",0,0,0,0,-0.15,1584,569884414.0625,12,14,20251029,19931118,583790312.5,12130000.0,850940703.125,18820298750.0,0.0,0.0,1199.99997317791,68169220000.0,27629350000.0,9594186250.0,2192811875.0,34215.0,18487120000.0,457473007.8125,4182455937.5,31694487500.0,16886547500.0,16074051250.0,460062031.25,722822031.25,578685000.0,-1419725000.0,-700045000.0,2821277812.5,806883984.375,681895000.0,671488984.375,14796442500.0,5.428999900817871,9.0,569884414.0625,1,3573175276.1718745,3573175276.1718745
0,000530,2471,7.02,6.91,6.98,7.08,6.95,14:59:57.476,14999299,-702,160313,2109,112682888.0,87868,72445,0,3211,7.01,7.02,882,454,7.0,7.03,2021,4603,6.99,7.04,627,1518,6.98,7.05,845,5594,6.97,7.06,388,2502,"(1942,)",0,0,0,0,0.0,2471,600041406.25,5,26,20260205,19931208,843212500.0,12340000.0,945746718.75,37145762500.0,241500000.0,0.0,1099.9999940395355,75662125000.0,50749605000.0,11646420000.0,1966697031.25,63655.0,37455812500.0,587391992.1875,7170971250.0,31822810000.0,36130587500.0,30193275000.0,18624140000.0,1012435000.0,282216992.1875,-152192001.953125,-3310064062.5,12696222500.0,1065137031.25,934657968.75,902930937.5,7068865625.0,3.7739999294281006,9.0,600041406.25,1,4212290671.8749995,4212290671.8749995
0,000545,2818,3.02,2.95,3.02,3.09,2.97,14:59:58.916,14999699,-302,527197,4990,159994864.0,300879,226319,-1,25960,3.02,3.03,1213,9942,3.01,3.04,3279,7247,3.0,3.05,2256,15097,2.99,3.06,2598,10384,2.98,3.07,3541,9802,"(4630,)",0,0,0,0,0.0,2818,985403125.0,3,19,20260205,19931215,986833125.0,12260000.0,-547296992.1875,16243943750.0,0.0,0.0,-2399.99994635582,24774455000.0,6222388125.0,10506870000.0,674443984.375,70505.0,13009972500.0,2493764062.5,-2061265000.0,9121206250.0,12397576250.0,12700465000.0,1384382968.75,-2632765937.5,-298115996.09375,-851060000.0,-896232968.75,1200121015.625,-2630490000.0,-2332182031.25,-2326525937.5,1252735000.0,0.9240000247955322,9.0,985403125.0,1,2975917437.5,2975917437.5
0,000546,2836,5.8,5.79,5.85,5.89,5.77,14:59:57.916,14999421,-580,205950,3363,119714752.0,110408,95543,1,2475,5.79,5.8,2157,2802,5.78,5.81,1908,1240,5.77,5.82,2750,693,5.76,5.83,953,624,5.75,5.84,2472,2301,"(5910,)",0,0,0,0,0.0,2836,696705234.375,3,39,20251028,19931215,777648281.25,12420000.0,1163856171.875,44914240000.0,0.0,0.0,-1299.9999523162842,55654000000.0,19525501250.0,12432211250.0,14987955000.0,51348.0,10269609375.0,4175870000.0,19696035000.0,40584660000.0,67448260000.0,69793050000.0,988050937.5,-1230616015.625,140814003.90625,-850350000.0,759800937.5,10884017500.0,-1238291015.625,-1281442968.75,-1018487968.75,10913285000.0,5.218999862670898,9.0,696705234.375,1,4040890359.375,4040890359.375
0,000548,1871,5.83,5.81,5.86,5.89,5.81,14:59:57.905,14999418,-583,80351,503,46903060.0,39808,40543,1,3850,5.83,5.84,1847,647,5.82,5.85,571,1328,5.81,5.86,626,1162,5.8,5.87,629,5297,5.79,5.88,275,1527,"(150,)",0,0,0,0,-0.16,1871,499173984.375,21,6,20260202,19931220,499215781.25,16540000.0,917972265.625,5142118125.0,0.0,0.0,1099.9999940395355,24637172500.0,13404381250.0,3326273125.0,1319079062.5,41964.0,3232470000.0,0.0,4782680000.0,20679706250.0,3784762187.5,2084720000.0,299374003.90625,827419062.5,4441000.061035156,-331911015.625,-1358236093.75,5318951875.0,812761015.625,563706992.1875,563706992.1875,9164661250.0,4.142000198364258,9.0,499173984.375,1,2910184328.90625,2910184328.90625
0,000554,3648,8.12,8.26,8.22,8.3,8.1,14:59:57.080,14999189,-812,402350,3853,328741984.0,226871,175480,0,55945,8.12,8.13,2009,2407,8.11,8.14,1870,279,8.1,8.15,2652,939,8.09,8.16,1247,254,8.08,8.17,990,201,"(4630,)",0,0,0,0,0.0,3648,362653203.125,15,5,20260202,19931215,480793281.25,15510000.0,533125898.4375,25371475000.0,0.0,0.0,2399.99994635582,18042937500.0,8610190000.0,4220953125.0,2323638125.0,59707.0,4936037187.5,47181000.9765625,1872127968.75,11583751250.0,23951855000.0,20021098750.0,52581000.9765625,1742842031.25,0.0,1606265000.0,624695000.0,4128542187.5,1675125000.0,1136691015.625,1131917968.75,3483962187.5,2.4089999198913574,9.0,362653203.125,1,2944744009.3749995,2944744009.3749995
0,000565,3128,8.6,8.33,8.45,8.77,8.4,14:59:56.908,14999141,-860,296374,4763,254520336.0,137783,158592,0,14576,8.59,8.6,601,4254,8.58,8.61,345,280,8.57,8.62,637,982,8.56,8.63,712,391,8.55,8.64,339,614,"(3414,)",0,0,0,0,0.23,3128,433592187.5,25,19,20251029,19940408,433592187.5,12260000.0,150343701.171875,2679941250.0,0.0,0.0,399.9999910593033,16477981250.0,5202198125.0,2339835937.5,512360976.5625,53475.0,1722849062.5,297757011.71875,581571015.625,12467586250.0,2869513125.0,2133725000.0,1485765000.0,165675996.09375,420891992.1875,-377543984.375,-133007998.046875,891903046.875,164234003.90625,158181005.859375,164915000.0,6032688125.0,2.875,9.0,433592187.5,1,3728892812.5,3728892812.5
0,000570,2089,6.09,5.94,5.99,6.14,5.99,14:59:57.811,14999392,-609,162079,1576,98472072.0,74546,87533,-2,5445,6.08,6.09,358,76,6.07,6.1,952,2362,6.06,6.11,958,1096,6.05,6.12,1185,2394,6.04,6.13,422,1426,"(1302,)",0,0,0,0,0.16,2089,555692500.0,26,26,20260123,19940701,705692500.0,12340000.0,463574414.0625,19579668750.0,150000000.0,0.0,599.9999865889549,53049530000.0,31883220000.0,5633566250.0,1382122031.25,44754.0,15175587500.0,812705000.0,6405096250.0,34368485000.0,20623801250.0,18330623750.0,12977511250.0,629937968.75,89907998.046875,-2149157031.25,-1950152968.75,5196850000.0,630576992.1875,505064023.4375,444887968.75,10210599375.0,4.869999885559082,9.0,555692500.0,1,3384167325.0,3384167325.0
0,000573,2376,4.43,4.33,4.37,4.47,4.35,14:59:58.409,14999558,-443,221298,1914,97890176.0,100655,120643,0,6302,4.42,4.43,3051,912,4.41,4.44,941,4143,4.4,4.45,1959,3035,4.39,4.46,757,3286,4.38,4.47,915,7326,"(86,)",0,0,0,0,0.0,2376,632964804.6875,12,11,20251030,19940815,638280585.9375,12420000.0,-387613203.125,4168259375.0,0.0,0.0,1199.99997317791,21433720000.0,16100826250.0,446773007.8125,101984003.90625,44425.0,2523328906.25,-29695998.53515625,5593976875.0,16451101250.0,3619870000.0,3390692187.5,236121992.1875,836692968.75,1255430000.0,-483058984.375,-86750000.0,9535724375.0,844387031.25,734338984.375,741897968.75,1911257968.75,2.57699990272522,9.0,632964804.6875,1,2804034084.765625,2804034084.765625
0,000576,2458,10.78,10.63,10.71,10.9,10.63,14:59:56.123,14998923,-1078,83720,566,90175592.0,42722,40998,0,3224,10.78,10.79,463,98,10.77,10.8,79,396,10.76,10.81,328,100,10.75,10.82,339,183,10.74,10.83,90,172,"(86,)",0,0,0,0,0.0,2458,433815312.5,12,29,20251025,19940907,436418203.125,12390000.0,200283808.59375,2783806562.5,0.0,0.0,1800.0000715255735,22607022500.0,10497832500.0,1083208984.375,262193984.375,37910.0,3087855937.5,598833007.8125,6696043750.0,16513701250.0,3611437812.5,1967300937.5,4618062187.5,736362031.25,433380000.0,113981992.1875,-84582001.953125,2612389062.5,1045562968.75,795052031.25,775312968.75,4405407812.5,3.783999919891357,9.0,433815312.5,1,4676529068.75,4676529068.75
0,000586,2942,15.21,14.61,15.0,15.27,14.7,14:59:54.528,14998480,-1521,111253,943,167694816.0,48962,62291,1,11745,15.2,15.21,722,409,15.19,15.22,35,435,15.18,15.23,1955,233,15.17,15.24,17,186,15.16,15.25,30,1166,"(662,)",0,0,0,0,0.2,2942,193440000.0,23,24,20251024,19951220,193440000.0,12380000.0,-26115600.5859375,2768641562.5,0.0,0.0,799.9999821186066,6128813125.0,5157693125.0,556978984.375,146450996.09375,16420.0,2573492968.75,66653002.9296875,647158007.8125,3386387812.5,3609573750.0,2386682031.25,2868556875.0,191600000.0,0.0,136431005.859375,90807001.953125,850400937.5,189880000.0,153715000.0,147633994.140625,626562968.75,1.7510000467300415,9.0,193440000.0,1,2942222400.0,2942222400.0
0,000590,2369,12.28,11.76,11.87,12.42,11.87,14:59:55.583,14998773,-1228,117694,969,144010656.0,42534,75161,0,16642,12.28,12.29,444,459,12.27,12.3,108,921,12.26,12.31,78,593,12.25,12.32,174,178,12.24,12.33,99,74,"(3734,)",0,0,0,0,0.08,2369,239371406.25,21,34,20251223,19960119,239471308.59375,12270000.0,-284544707.03125,2162311875.0,0.0,0.0,-599.9999865889549,9455893125.0,4312295000.0,2845903750.0,1261262968.75,17617.0,1624625000.0,24270000.0,4740643125.0,5834255000.0,2248157031.25,1198992031.25,32345000.0,-123868007.8125,922999.9542236328,331316992.1875,-195907988.28125,1149050937.5,-127360996.09375,-150629003.90625,-148206005.859375,-1760085000.0,2.436000108718872,9.0,239371406.25,1,2939480868.75,2939480868.75
0,000605,1814,7.29,7.2,7.26,7.29,7.22,14:59:57.379,14999272,-729,50409,2562,36589704.0,20325,30085,2,3652,7.27,7.29,26,1237,7.26,7.3,407,1703,7.25,7.31,442,2258,7.23,7.32,356,385,7.22,7.33,1090,566,"(3862,)",0,0,0,0,0.28,1814,352658593.75,7,42,20251028,19960913,352658593.75,13460000.0,120922197.265625,12028471250.0,0.0,0.0,399.9999910593033,78877555000.0,21857105000.0,21960642500.0,6841390000.0,23196.0,30021340000.0,5443911250.0,10891757500.0,21304867500.0,11354967500.0,8815550000.0,10291092500.0,286913984.375,261716992.1875,262385000.0,-1768050937.5,785486015.625,278045996.09375,166018984.375,132015000.0,6154301250.0,6.040999889373779,9.0,352658593.75,1,2570881148.4375,2570881148.4375
0,000607,3758,5.29,5.09,5.21,5.43,5.06,14:59:58.099,14999472,-529,671190,6657,351165184.0,299742,371449,-1,29624,5.29,5.3,1799,7313,5.28,5.31,2161,9723,5.27,5.32,650,2272,5.26,5.33,330,775,5.25,5.34,1207,493,"(5014,)",0,0,0,0,0.0,3758,885033437.5,28,18,20251031,19960830,1017698437.5,21720000.0,111749003.90625,10665565000.0,0.0,0.0,-599.9999865889549,35278580000.0,15166860000.0,1871952968.75,636549023.4375,45378.0,8931718750.0,2320285000.0,-1913076875.0,15501470000.0,8150077500.0,6933945000.0,2679335937.5,-682853984.375,337315976.5625,-1527205000.0,-843235000.0,284809003.90625,-678265000.0,-692838984.375,-580681015.625,7295381875.0,1.5230000019073486,9.0,885033437.5,1,4681826884.375,4681826884.375
0,000608,1285,3.6,3.56,3.61,3.66,3.5,14:59:58.708,14999641,-360,250285,903,89794480.0,125609,124676,-1,20570,3.6,3.61,1560,2925,3.59,3.62,613,1618,3.58,3.63,740,653,3.57,3.64,427,1132,3.56,3.65,1198,1984,"(3094,)",0,0,0,0,0.0,1285,744537031.25,10,11,20251031,19960919,749913281.25,20700000.0,-201041191.40625,2393968750.0,0.0,0.0,-1000.0000149011612,46856265000.0,1056907031.25,421295000.0,17141000.9765625,23825.0,6450121250.0,4859705000.0,5358661875.0,22276555000.0,2516325000.0,1688618906.25,173732988.28125,-496516015.625,-83760000.0,1451032968.75,-3190000.0,0.0,-481152968.75,-663258984.375,-720582968.75,6847711250.0,2.970999956130981,9.0,744537031.25,1,2680333312.5,2680333312.5
0,000609,160,8.64,8.23,8.64,8.64,8.64,14:59:56.893,14999137,-864,2099,1,1813544.625,1639,460,0,7957,8.64,0.0,63758,0,8.63,0.0,105,0,8.62,0.0,425,0,8.61,0.0,81,0,8.6,0.0,406,0,"(86,)",0,0,0,0,0.0,160,291058300.78125,7,11,20251024,19961010,299265507.8125,28910000.0,-1065178437.5,2844256875.0,0.0,0.0,-5099.999904632568,19199115000.0,17691142500.0,12029000.244140623,0.0,13367.0,17923261250.0,-31999.998092651367,460324023.4375,-85167998.046875,1347122031.25,1346198125.0,0.0,-1302101953.125,31267998.046875,192654003.90625,13997999.267578123,16374248750.0,-1510694062.5,-1513482968.75,-1513450937.5,-4936487187.5,-0.0289999991655349,9.0,291058300.78125,1,2514743718.75,2514743718.75
0,000610,3348,10.66,10.33,10.49,10.69,10.35,14:59:56.166,14998935,-1066,180129,2548,190236640.0,76072,104058,1,37082,10.66,10.67,732,285,10.65,10.68,1249,380,10.64,10.69,447,235,10.63,10.7,1272,872,10.62,10.71,189,132,"(3542,)",0,0,0,0,0.19,3348,235504296.875,8,10,20251025,19960926,236747890.625,21720000.0,-868401406.25,4351973437.5,0.0,0.0,-3400.000035762787,19589576250.0,6457196875.0,4487600000.0,545490000.0,60022.0,10988740000.0,-299933007.8125,3982071875.0,1563417031.25,3797310000.0,3670243125.0,518950000.0,-885046015.625,6926999.51171875,155345996.09375,-550256015.625,3682167187.5,-885261015.625,-885471953.125,-803407968.75,-5280786250.0,0.6600000262260437,9.0,235504296.875,1,2510475804.6875,2510475804.6875
0,000615,466,3.12,3.1,3.12,3.13,3.09,14:59:58.880,14999689,-312,52035,2414,16194979.0,28159,23877,0,1685,3.12,3.13,397,5331,3.11,3.14,9189,1780,3.1,3.15,6268,1763,3.09,3.16,3365,1207,3.08,3.17,1410,619,"(3222,)",0,0,0,0,0.32,466,925316406.25,19,9,20260206,19961016,1787492656.25,26840000.0,-827122734.375,7943307500.0,0.0,0.0,-1599.9999642372131,27372000000.0,5027640000.0,9048590000.0,2036500000.0,35007.0,13728781250.0,1786856093.75,8140440625.0,-2532326875.0,7218300625.0,5690596250.0,567253984.375,-1371602968.75,9276999.51171875,102642001.953125,-199024003.90625,1320961093.75,-1412929062.5,-1485740937.5,-1238592968.75,-18712745000.0,-0.3319999873638153,9.0,925316406.25,1,2886987187.5,2886987187.5
0,000619,2182,6.61,6.56,6.64,6.68,6.59,14:59:57.624,14999340,-661,78910,1739,52298732.0,38547,40363,0,1687,6.61,6.62,716,74,6.6,6.63,911,1658,6.59,6.64,415,969,6.58,6.65,300,473,6.57,6.66,399,962,"(86,)",0,0,0,0,-0.14,2182,360000000.0,24,21,20251029,19961023,441168789.0625,12290000.0,-264124609.375,40876247500.0,0.0,0.0,-900.0000357627869,53623230000.0,31845960000.0,16498320000.0,3759985000.0,26369.0,20951223750.0,4019839062.5,8580446250.0,25502205000.0,36553747500.0,33331900000.0,10583921250.0,-329360000.0,27317998.046875,1733332031.25,371460000.0,9575175000.0,-320984003.90625,-367381015.625,-383481015.625,9950968125.0,5.781000137329102,9.0,360000000.0,1,2379600000.0,2379600000.0
0,000626,1633,7.75,7.74,7.81,7.83,7.72,14:59:57.214,14999226,-775,52890,383,41024376.0,26954,25936,0,2046,7.75,7.76,155,397,7.74,7.77,644,1417,7.73,7.78,602,408,7.72,7.79,1041,680,7.71,7.8,557,479,"(22,)",0,0,0,0,0.13,1633,503716484.375,26,13,20251027,19961128,506626914.0625,15510000.0,-760738203.125,666028720000.0,0.0,0.0,599.9999865889549,84251170000.0,70833560000.0,4191601875.0,1166690000.0,22483.0,54422830000.0,2434477968.75,13182611250.0,23759547500.0,634836840000.0,632456760000.0,12269910000.0,712163984.375,2135000937.5,-4645909062.5,-1755871093.75,10092249375.0,808991015.625,467078984.375,321810000.0,5134396875.0,4.690000057220459,9.0,503716484.375,1,3903802753.90625,3903802753.90625
0,000632,3010,5.22,5.07,5.12,5.25,5.1,14:59:58.124,14999479,-522,291862,6251,151825728.0,132980,158883,0,9098,5.22,5.23,510,10316,5.21,5.24,1075,4449,5.2,5.25,1872,9961,5.19,5.26,1345,1602,5.18,5.27,1481,2030,"(5270,)",0,0,0,0,0.0,3010,465481601.5625,20,25,20260202,19961121,465519609.375,15510000.0,-911607812.5,94326560000.0,0.0,0.0,-2899.9999165534973,83287150000.0,48583870000.0,4683150000.0,6860999.755859375,62130.0,49486040000.0,4325865000.0,0.0,8804840000.0,46089795000.0,44641810000.0,1229110000.0,-1153003984.375,-46148999.0234375,-21848000.48828125,-1060667031.25,26751050000.0,-1347344062.5,-1420934062.5,-1366492968.75,-6619003125.0,1.8910000324249268,9.0,465481601.5625,1,2429813960.15625,2429813960.15625
0,000633,2329,7.7,7.63,7.74,7.75,7.62,14:59:57.232,14999231,-770,114398,592,87822528.0,60210,54189,-1,4690,7.7,7.71,477,2609,7.69,7.72,377,516,7.68,7.73,100,439,7.67,7.74,430,819,7.66,7.75,97,1523,"(3862,)",0,0,0,0,0.13,2329,385103515.625,2,36,20251021,19961112,385106406.25,12320000.0,32276999.51171875,1486392031.25,0.0,0.0,199.99999552965164,3114000000.0,1869920000.0,1105938984.375,123320996.09375,25485.0,514028984.375,124097998.046875,478701992.1875,1964865000.0,2298071093.75,1964900937.5,616087968.75,99837998.046875,0.0,170645996.09375,-174117011.71875,843944062.5,101492001.953125,88980996.09375,72581000.9765625,-2980695000.0,0.5099999904632568,9.0,385103515.625,1,2965297070.3125,2965297070.3125
0,000635,1694,10.22,10.17,10.22,10.3,10.11,14:59:56.324,14998979,-1022,50858,548,51920000.0,28636,22223,1,501,10.22,10.23,69,119,10.21,10.24,22,293,10.2,10.25,130,346,10.19,10.26,209,144,10.17,10.27,30,56,"(5078,)",0,0,0,0,0.1,1694,303087597.65625,14,19,20260203,19961120,394133593.75,12260000.0,-2579159062.5,13759887500.0,0.0,0.0,-7900.000214576721,29931522500.0,7968965625.0,19440615000.0,604281992.1875,20348.0,12829900000.0,0.0,24680805000.0,15433193750.0,12800352500.0,14251660000.0,435480000.0,-2443189062.5,1031000.0610351562,-3055826875.0,4333207812.5,945369062.5,-2407000000.0,-2474253906.25,-2474253906.25,-14513476250.0,3.9159998893737793,9.0,303087597.65625,1,3097555248.046875,3097555248.046875
0,000637,2153,4.82,4.78,4.81,4.84,4.73,14:59:58.268,14999519,-482,141100,792,67495976.0,72549,68551,1,2799,4.82,4.83,164,2759,4.81,4.84,1401,2348,4.8,4.85,582,1437,4.79,4.86,145,419,4.78,4.87,1075,64,"(22,)",0,0,0,0,0.0,2153,364585000.0,12,5,20260203,19961114,519875390.625,12260000.0,-1145084687.5,28524952500.0,0.0,0.0,-1800.0000715255735,20972265000.0,6254155000.0,6948452500.0,1161746015.625,25740.0,10075196875.0,1027262031.25,151295000.0,5548320000.0,23036162500.0,22456880000.0,535021015.625,-1169998046.875,24288999.0234375,-453506015.625,123935000.0,1461582031.25,-976974062.5,-1047017031.25,-937305000.0,-2115400000.0,1.0670000314712524,9.0,364585000.0,1,1757299700.0,1757299700.0
0,000638,383,1.81,1.9,1.81,1.81,1.81,14:59:59.352,14999820,-181,10590,397,1916790.0,673,9917,0,1716,0.0,1.81,0,267455,0.0,1.82,0,575,0.0,1.83,0,780,0.0,1.84,0,66,0.0,1.85,0,343,"(22,)",0,0,0,0,0.0,383,310145605.46875,3,24,20251031,19961126,311386503.90625,10050000.0,132947802.734375,1094208125.0,0.0,0.0,-299.99999329447746,2657352812.5,1275137968.75,418448007.8125,229637011.71875,21510.0,1244838984.375,-30818999.0234375,1428745000.0,1394926875.0,1755411875.0,1669984062.5,344935000.0,-115000000.0,-5750000.0,-136818007.8125,-261107011.71875,291634003.90625,-113607998.046875,-114142001.953125,-85932998.046875,-2861856875.0,0.4480000138282776,9.0,310145605.46875,1,561363545.8984375,561363545.8984375
0,000639,2668,2.96,2.93,2.99,2.99,2.94,14:59:58.938,14999705,-296,313240,2946,92717264.0,144974,168266,-1,15195,2.96,2.97,4355,1694,2.95,2.98,6722,8694,2.94,2.99,8347,10393,2.93,3.0,4383,6744,2.92,3.01,2852,4244,"(2454,)",0,0,0,0,0.0,2668,1079426796.875,15,14,20251025,19961126,1079428125.0,12130000.0,625884414.0625,38138462500.0,0.0,0.0,0.0,60769210000.0,29316300000.0,6002623125.0,19965710000.0,46937.0,23059912500.0,4241903750.0,16040918750.0,29041070000.0,35072162500.0,27342527500.0,3450626250.0,72065996.09375,46342001.953125,1614137031.25,-106942001.953125,5837793125.0,-22482001.953125,-44842998.046875,22218999.0234375,-600612031.25,2.690000057220459,9.0,1079426796.875,1,3195103318.75,3195103318.75
0,000663,2343,8.02,7.98,8.08,8.08,7.93,14:59:57.116,14999199,-802,127518,2780,102255528.0,62966,64552,0,9373,8.01,8.02,566,936,8.0,8.03,5870,647,7.99,8.04,92,1160,7.98,8.05,222,422,7.97,8.06,323,386,"(86,)",0,0,0,0,-0.11,2343,306301191.40625,20,17,20260202,19961206,336683906.25,10020000.0,-391175507.8125,2211754062.5,0.0,0.0,-599.9999865889549,14700356250.0,7556031250.0,740688984.375,885475000.0,23705.0,4285246250.0,303282011.71875,16087590000.0,10016168125.0,2160546093.75,1939901875.0,91187998.046875,-231576992.1875,11433999.0234375,-119006992.1875,-633275976.5625,4420648125.0,-208778007.8125,-200835996.09375,-197740996.09375,-9177878125.0,2.9749999046325684,9.0,306301191.40625,1,2456535555.078125,2456535555.078125
0,000668,589,14.06,13.94,13.8,14.26,13.78,14:59:54.942,14998595,-1406,18937,182,26548332.0,9858,9079,1,2594,14.06,14.07,29,64,14.05,14.08,108,43,14.01,14.1,18,120,14.0,14.13,274,58,13.98,14.14,51,103,"(22,)",0,0,0,0,0.36,589,146841904.296875,15,11,20260204,19961210,146841904.296875,20700000.0,-343300781.25,387380390.625,0.0,0.0,-1899.999976158142,12838371250.0,5843795000.0,11155999.755859377,720000.0,4536.0,4196735937.5,92030000.0,898896953.125,7063688125.0,1849923125.0,1808518906.25,689167031.25,-323054003.90625,0.0,-187010000.0,-434893007.8125,4750803125.0,-339803007.8125,-277766992.1875,-274040000.0,3571830937.5,4.809999942779541,9.0,146841904.296875,1,2064597174.4140625,2064597174.4140625
0,000669,578,3.08,3.08,3.09,3.14,3.06,14:59:58.895,14999693,-308,90484,1517,28054814.0,48380,42104,0,871,3.08,3.09,1250,843,3.07,3.1,1512,3312,3.06,3.11,2395,739,3.05,3.12,1185,2765,3.04,3.13,449,2634,"(2582,)",0,0,0,0,0.33,578,680408828.125,21,42,20251031,19961210,680408828.125,13450000.0,-951792500.0,9518528750.0,0.0,0.0,-700.0000029802322,24016830000.0,2153257031.25,15465498750.0,2718099062.5,15232.0,15753930000.0,912153046.875,16183915000.0,-111008994.140625,9101368750.0,8371255000.0,260312988.28125,-361970000.0,46335996.09375,729416015.625,9487999.877929688,157637998.046875,-523365000.0,-634956015.625,-462308007.8125,-24247280000.0,-0.0160000007599592,9.0,680408828.125,1,2095659190.625,2095659190.625
0,000677,2199,4.05,4.09,4.12,4.16,4.04,14:59:58.546,14999596,-405,279800,7620,114498120.0,163441,116360,1,997,4.04,4.05,8354,7490,4.03,4.06,3781,3672,4.02,4.07,4346,245,4.01,4.08,3291,2198,4.0,4.09,3587,1518,"(4886,)",0,0,0,0,-0.24,2199,863977968.75,15,27,20251024,19961226,863977968.75,12170000.0,392546484.375,8215267500.0,0.0,0.0,0.0,22249065000.0,15468372500.0,4623482812.5,908851953.125,54297.0,9233386250.0,7384130000.0,6976881875.0,5078180937.5,8288315625.0,6422385000.0,2350026875.0,1131432031.25,0.0,430976992.1875,91359003.90625,4289705937.5,1131508984.375,823598046.875,27476999.51171875,-12664363750.0,0.5879999995231628,9.0,863977968.75,1,3499110773.4375,3499110773.4375
0,000679,1448,7.43,7.35,7.35,7.44,7.31,14:59:57.329,14999258,-743,48916,1462,36150200.0,21008,27908,2,5682,7.42,7.43,78,474,7.41,7.44,702,1147,7.4,7.45,438,888,7.39,7.46,249,133,7.38,7.47,504,246,"(342,)",0,0,0,0,-0.12,1448,356400000.0,5,12,20251031,19970124,356400000.0,15520000.0,-413423398.4375,1245939531.25,0.0,0.0,-1599.9999642372131,9752015000.0,3160435937.5,1664942031.25,1177082968.75,19099.0,8579586250.0,-863662031.25,688272031.25,1974003906.25,2585551875.0,2123126875.0,445540000.0,-540981015.625,0.0,-1723525000.0,-146253007.8125,625247031.25,-666986015.625,-667041015.625,-571000000.0,-4261390000.0,0.5540000200271606,9.0,356400000.0,1,2648052000.0,2648052000.0
0,000691,959,8.51,8.54,8.48,8.65,8.4,14:59:56.940,14999150,-851,52385,849,44685672.0,27707,24678,-3,11719,8.51,8.53,46,200,8.5,8.54,951,569,8.49,8.55,236,1088,8.48,8.56,120,339,8.47,8.57,77,122,"(2902,)",0,0,0,0,-0.22,959,323270000.0,4,19,20260204,19970228,484905000.0,12260000.0,-210231191.40625,3484459375.0,0.0,0.0,-1199.99997317791,5719617500.0,2928930000.0,2209980000.0,240788984.375,15659.0,5161551250.0,1258521953.125,1862900937.5,-1028495000.0,3526185937.5,3152439062.5,634235000.0,-248484003.90625,77999.99713897705,105703007.8125,51478999.0234375,838130937.5,-420968984.375,-417827968.75,-381348007.8125,-6277146875.0,-0.3179999887943268,9.0,323270000.0,1,2751027700.0,2751027700.0
0,000692,1707,3.89,3.85,3.87,3.89,3.84,14:59:58.603,14999612,-389,120213,1294,46574328.0,53868,66345,0,5341,3.88,3.89,1845,3170,3.87,3.9,1878,3549,3.86,3.91,3509,1866,3.85,3.92,2500,2708,3.84,3.93,1709,692,"(22,)",0,0,0,0,0.26,1707,532833007.8125,5,42,20251029,19970227,532833007.8125,13440000.0,-4547060937.5,12285098750.0,0.0,0.0,-5899.999737739563,52740245000.0,17181950000.0,33730272500.0,622387968.75,25597.0,41276672500.0,-751445000.0,18497106250.0,-1291211015.625,12236076250.0,14280055000.0,5519440000.0,-4135942187.5,0.0,-4841771875.0,-1151467968.75,4120878125.0,-4144892187.5,-4193395000.0,-3166288125.0,-26898520000.0,-0.2419999986886978,9.0,532833007.8125,1,2072720400.390625,2072720400.390625
0,000695,2690,12.83,12.78,12.8,12.96,12.69,14:59:55.385,14998718,-1283,102168,1051,130891400.0,52238,49930,0,8320,12.82,12.83,257,758,12.81,12.84,194,632,12.8,12.85,387,547,12.79,12.86,33,218,12.78,12.87,358,151,"(22,)",0,0,0,0,0.08,2690,221811191.40625,9,46,20260204,19970218,231752109.375,12230000.0,18061500.244140625,3663271250.0,0.0,0.0,-2199.999988079071,20028185000.0,7072672500.0,4502751250.0,2816389062.5,25626.0,14804300000.0,830211015.625,746862031.25,1082603046.875,3737459062.5,3763646250.0,1884385000.0,-544041992.1875,-1879000.0915527344,-1407874062.5,19141999.51171875,2425015937.5,-536318984.375,-498483984.375,-494370000.0,-2049351875.0,0.4869999885559082,9.0,221811191.40625,1,2845837585.7421875,2845837585.7421875
0,000698,651,3.87,3.86,3.87,3.91,3.85,14:59:58.610,14999614,-387,99023,890,38459464.0,55566,43458,-1,882,3.87,3.88,3127,1340,3.86,3.89,2637,3062,3.85,3.9,3155,7185,3.84,3.91,900,3084,3.83,3.92,401,1880,"(5910,)",0,0,0,0,0.0,651,785714375.0,5,5,20251025,19970220,819514375.0,12260000.0,-1870128125.0,36056097500.0,0.0,0.0,1099.9999940395355,52001385000.0,22157637500.0,22702210000.0,5250166250.0,46492.0,31239080000.0,0.0,13371190000.0,14773331250.0,40025922500.0,36989337500.0,1983515000.0,873365000.0,0.0,4590487187.5,4081655937.5,3168170000.0,1029903046.875,888971953.125,888971953.125,-10643800000.0,1.8029999732971191,9.0,785714375.0,1,3040714631.25,3040714631.25
0,000701,2346,6.38,6.28,6.34,6.41,6.32,14:59:57.707,14999363,-638,140023,2388,89242360.0,62657,77366,0,6809,6.37,6.38,2537,1392,6.36,6.39,302,3591,6.35,6.4,672,4372,6.34,6.41,228,2743,6.33,6.42,423,1352,"(22,)",0,0,0,0,0.0,2346,667746562.5,20,13,20260110,19970226,668313125.0,15510000.0,-1417887968.75,342857520000.0,0.0,0.0,-1299.9999523162842,171584120000.0,119116310000.0,8931503125.0,1390094062.5,48340.0,108979510000.0,8413161250.0,26509045000.0,24938627500.0,269210100000.0,262050520000.0,23859255000.0,588610976.5625,2174831093.75,-14350176250.0,4002226875.0,25569815000.0,595808007.8125,306282011.71875,66375000.0,-40088840000.0,-0.7490000128746033,9.0,667746562.5,1,4260223068.75,4260223068.75
0,000702,1958,7.2,7.1,7.14,7.2,7.07,14:59:57.412,14999281,-720,60425,1316,43259916.0,23551,36875,0,1292,7.19,7.2,449,1316,7.18,7.21,789,1790,7.17,7.22,69,4348,7.16,7.23,28,240,7.15,7.24,514,264,"(5398,)",0,0,0,0,0.14,1958,266634609.375,21,17,20251028,19970318,346625000.0,12130000.0,-222408808.59375,7847202500.0,0.0,0.0,-299.99999329447746,5055842187.5,2194817031.25,1261951953.125,59396000.9765625,31981.0,2025075000.0,-587312968.75,4365423125.0,3520348750.0,7968913125.0,7408031250.0,798817031.25,-101769003.90625,1779000.0915527344,-361137968.75,-2281807968.75,864192031.25,-99528994.140625,-101607001.953125,-104797998.046875,-4844605937.5,1.0160000324249268,9.0,266634609.375,1,1919769187.5,1919769187.5
0,000705,1523,9.61,9.51,9.59,9.64,9.55,14:59:56.544,14999040,-961,53442,694,51299680.0,25583,27859,0,11096,9.6,9.61,480,7,9.59,9.62,119,470,9.58,9.63,541,1238,9.57,9.64,217,938,9.56,9.65,170,743,"(22,)",0,0,0,0,-0.09,1523,281960703.125,28,12,20251031,19970410,334123281.25,15510000.0,435689414.0625,28516245000.0,0.0,0.0,1700.0000178813934,30307602500.0,14712365000.0,7279580000.0,1004245000.0,35792.0,6772028125.0,0.0,5197368125.0,20174685000.0,17796306250.0,13179162500.0,3187190000.0,669986015.625,333143984.375,300290000.0,-113631992.1875,4989335000.0,651073007.8125,560447031.25,560599023.4375,9790855000.0,6.038000106811523,9.0,281960703.125,1,2709642357.03125,2709642357.03125
0,000707,2207,6.68,6.53,6.66,6.77,6.62,14:59:57.599,14999333,-668,174837,573,116873288.0,81092,93745,0,14625,6.67,6.68,1620,523,6.66,6.69,247,1049,6.65,6.7,180,2326,6.64,6.71,218,294,6.63,6.72,190,800,"(86,)",0,0,0,0,-0.14,2207,464145781.25,19,19,20251028,19970415,584717187.5,12260000.0,3394271562.5,20409411250.0,0.0,0.0,-500.0000074505806,56804045000.0,16958636250.0,33870122500.0,4478090000.0,39069.0,12457770000.0,489612031.25,16245026250.0,28474260000.0,15505231250.0,12958372500.0,0.0,668849062.5,19930000.0,-553035000.0,-2880693125.0,1113413984.375,686886015.625,273070996.09375,-262345996.09375,3704862812.5,4.869999885559082,9.0,464145781.25,1,3100493818.75,3100493818.75
0,000710,2844,12.55,12.63,12.64,12.7,12.51,14:59:55.486,14998746,-1255,98328,1201,123552080.0,57018,41310,0,2654,12.55,12.56,229,408,12.54,12.57,531,49,12.53,12.58,469,476,12.52,12.59,659,17,12.51,12.6,610,352,"(22,)",0,0,0,0,0.0,2844,329529882.8125,23,9,20251031,19970422,353521484.375,22740000.0,103855097.65625,8226645000.0,0.0,0.0,-1500.0000596046448,23437105000.0,12980590000.0,3887703750.0,291708007.8125,64711.0,5210418125.0,296538984.375,11544936250.0,16196226250.0,6856568125.0,3582370000.0,6353506875.0,-421245000.0,46507001.953125,-245828007.8125,-557037968.75,1836645000.0,-432858007.8125,-504220000.0,-525637031.25,119785996.09375,4.580999851226807,9.0,329529882.8125,1,4135600029.296875,4135600029.296875
0,000713,1750,6.85,6.84,6.86,6.86,6.82,14:59:57.538,14999316,-685,102498,1000,70102376.0,62296,40203,0,6003,6.84,6.85,1990,1988,6.83,6.86,6120,1339,6.82,6.87,4424,778,6.81,6.88,2648,1151,6.8,6.89,7783,776,"(5910,)",0,0,0,0,0.0,1750,614015000.0,24,17,20260202,19970422,798219531.25,10050000.0,-710513437.5,17204847500.0,0.0,0.0,-1500.0000596046448,35230580000.0,21051065000.0,5612451250.0,2605852968.75,67378.0,13275597500.0,758927031.25,4471451250.0,19058286250.0,15255948750.0,13858056250.0,2664196250.0,-958367031.25,18307000.732421875,1364962031.25,1204000000.0,9876150000.0,-973710000.0,-977200937.5,-907137968.75,7355656250.0,3.1040000915527344,9.0,614015000.0,1,4206002750.0,4206002750.0
0,000715,2047,6.55,6.48,6.48,6.6,6.42,14:59:57.646,14999346,-655,152798,3658,99452128.0,80898,71901,0,2935,6.54,6.55,1280,1386,6.53,6.56,542,1260,6.52,6.57,428,941,6.51,6.58,484,666,6.5,6.59,1110,1690,"(5782,)",0,0,0,0,0.0,2047,538993398.4375,5,12,20260202,19970508,540434609.375,15520000.0,552588007.8125,5663524375.0,0.0,0.0,1299.9999523162842,26964647500.0,10314036250.0,5759896250.0,1546284062.5,20000.0,6180342500.0,12140000.0,590514023.4375,19645668750.0,5619950000.0,2522025000.0,17996999.51171875,909071953.125,8832000.122070312,977455937.5,-365893007.8125,726280000.0,911790000.0,685752968.75,684145000.0,11472210000.0,3.634999990463257,9.0,538993398.4375,1,3530406759.765625,3530406759.765625
0,000716,2087,6.17,6.14,6.15,6.17,6.11,14:59:57.782,14999384,-617,174091,3826,106988688.0,93580,80511,0,7761,6.16,6.17,3608,5411,6.15,6.18,3965,3120,6.14,6.19,4711,1167,6.13,6.2,5929,2170,6.12,6.21,4097,1015,"(2710,)",0,0,0,0,0.0,2087,738784375.0,10,14,20260204,19970418,752884062.5,12140000.0,417524296.875,15881160000.0,0.0,0.0,99.99999776482582,45672420000.0,15185117500.0,15238037500.0,3299551250.0,91000.0,12965476250.0,1524757031.25,15990793750.0,25489877500.0,14686522500.0,11361092500.0,2795456875.0,164234003.90625,-4365000.0,970762031.25,-781702968.75,4425876875.0,138046992.1875,86739003.90625,68192998.046875,1689131093.75,3.382999897003174,9.0,738784375.0,1,4558299593.75,4558299593.75
0,000720,2776,3.81,3.71,3.77,3.83,3.71,14:59:58.632,14999620,-381,396267,5674,150137504.0,169321,226946,0,9919,3.8,3.81,1006,3995,3.79,3.82,2782,18382,3.78,3.83,2406,9384,3.77,3.84,3420,2883,3.76,3.85,2180,10024,"(22,)",0,0,0,0,0.0,2776,1256531562.5,15,8,20260203,19970509,1256531562.5,12380000.0,-430526601.5625,7880308750.0,0.0,0.0,-0.0,52089140000.0,46967310000.0,643498007.8125,73489003.90625,62627.0,19799556250.0,981344062.5,5562276250.0,23577520000.0,10274713125.0,9698168750.0,5915511250.0,-9860000.0,7698999.6337890625,5324845000.0,-356637031.25,35545900000.0,-5985999.755859375,-24866999.51171875,-39676999.51171875,3942585937.5,1.8760000467300413,9.0,1256531562.5,1,4787385253.125,4787385253.125
0,000721,2243,9.07,8.92,8.96,9.07,8.95,14:59:56.738,14999094,-907,111279,1656,100492608.0,49354,61925,0,4471,9.06,9.07,480,2827,9.05,9.08,1028,1838,9.04,9.09,1029,1366,9.03,9.1,1017,1732,9.02,9.11,1370,234,"(1174,)",0,0,0,0,0.11,2243,512360312.5,8,10,20260204,19970430,573914296.875,17620000.0,-886309765.625,5120278437.5,0.0,0.0,-1500.0000596046448,12630522500.0,1648563125.0,4552393125.0,2145975937.5,89000.0,8900546875.0,25600000.0,2932340937.5,2176775937.5,4316250000.0,4285851250.0,512597031.25,-863925937.5,0.0,212195000.0,-469426992.1875,395601015.625,-861988984.375,-861988984.375,-847246015.625,-7053743125.0,0.3790000081062317,9.0,512360312.5,1,4647108034.375,4647108034.375
0,000726,2177,7.65,7.67,7.69,7.73,7.61,14:59:57.250,14999236,-765,102079,647,78065200.0,63373,38706,0,1938,7.64,7.65,887,650,7.63,7.66,3281,530,7.62,7.67,2819,536,7.61,7.68,2960,1444,7.6,7.69,1132,370,"(2582,)",0,0,0,0,0.0,2177,589117812.5,15,15,20260106,20001225,817307031.25,12170000.0,2878533750.0,44010720000.0,226125996.09375,0.0,6200.000047683716,141683210000.0,66280460000.0,56906760000.0,3251611875.0,46011.0,16208961250.0,3173526875.0,1789290937.5,97532310000.0,42998195000.0,33037487500.0,7764925000.0,5868192500.0,2510206093.75,4091805000.0,1915618906.25,21565720000.0,5917282500.0,5121850000.0,5026715937.5,72723755000.0,11.845999717712402,9.0,589117812.5,1,4506751265.625,4506751265.625
0,000731,1867,6.98,6.86,6.9,6.99,6.88,14:59:57.491,14999303,-698,113515,475,78940360.0,39535,73981,0,3416,6.97,6.98,108,2123,6.96,6.99,1080,1531,6.95,7.0,387,1561,6.94,7.01,225,1509,6.93,7.02,826,700,"(6294,)",0,0,0,0,0.14,1867,548825898.4375,23,28,20260202,19970617,548825898.4375,12260000.0,1893807968.75,28684725000.0,0.0,0.0,-99.99999776482582,51678615000.0,30194862500.0,17905886250.0,1702906093.75,37821.0,5363428125.0,3378740000.0,4465371875.0,40329062500.0,27171622500.0,24427205000.0,908228046.875,77640996.09375,258870996.09375,-857367031.25,-328787031.25,4828705000.0,75439003.90625,-82760000.0,-72902001.953125,26462477500.0,7.217000007629394,9.0,548825898.4375,1,3830804771.09375,3830804771.09375
0,000736,700,5.22,5.22,5.23,5.28,5.2,14:59:58.124,14999479,-522,72741,1023,38083592.0,40055,32686,0,2029,5.22,5.23,924,75,5.21,5.24,2051,864,5.2,5.25,1261,583,5.19,5.26,491,771,5.18,5.27,129,431,"(22,)",0,0,0,0,-0.18,700,747098437.5,25,11,20260203,19970425,747098437.5,20700000.0,-14890537500.0,122711540000.0,0.0,0.0,-22200.00028610229,22584602500.0,19700831250.0,146945996.09375,72556000.9765625,29169.0,9311875000.0,245885000.0,65167980000.0,12476032500.0,142931140000.0,143314420000.0,7685613125.0,-16292130000.0,1637475937.5,-968821015.625,-64783090000.0,151999.99809265137,-16540051250.0,-19005995000.0,-16603240000.0,-60865430000.0,1.6699999570846558,9.0,747098437.5,1,3899853843.75,3899853843.75
0,000752,650,10.86,10.88,10.86,10.95,10.82,14:59:56.094,14998915,-1086,22297,430,24225208.0,13650,8647,-1,825,10.86,10.87,53,127,10.85,10.88,1140,219,10.84,10.89,572,421,10.83,10.9,708,167,10.82,10.91,383,50,"(790,)",0,0,0,0,0.0,650,263758496.09375,31,37,20260126,19970625,263758496.09375,12150000.0,239918691.40625,2994596250.0,0.0,0.0,5500.00011920929,14077498750.0,10596365000.0,1422501875.0,52510996.09375,15873.0,2012317031.25,5583532500.0,5458403750.0,6147163750.0,3251251875.0,1861976875.0,101999.99809265137,2729940000.0,-22025000.0,1012953046.875,3992471250.0,353084023.4375,2773111875.0,2538514062.5,1449070000.0,-2641075000.0,2.3310000896453857,9.0,263758496.09375,1,2864417267.578125,2864417267.578125
0,000757,2066,5.29,5.24,5.27,5.31,5.23,14:59:58.099,14999472,-529,97673,610,51536232.0,38916,58757,0,2867,5.29,5.3,2105,5730,5.28,5.31,337,3459,5.27,5.32,70,1089,5.26,5.33,292,973,5.25,5.34,955,413,"(22,)",0,0,0,0,0.0,2066,532706015.625,23,7,20260203,19970627,532716093.75,15520000.0,-238920000.0,26295305000.0,0.0,0.0,799.9999821186066,24612977500.0,16131237500.0,4956723125.0,268008007.8125,25602.0,7953511875.0,0.0,14941710000.0,15921430000.0,21830527500.0,19042347500.0,1382586093.75,533989023.4375,-24891999.51171875,2313384062.5,-387601015.625,3970282812.5,535331992.1875,427751992.1875,427751992.1875,-4754953125.0,2.989000082015991,9.0,532706015.625,1,2818014822.65625,2818014822.65625
0,000759,2792,7.24,7.2,7.2,7.24,7.15,14:59:57.397,14999277,-724,221901,7055,159518672.0,112308,109593,1,14299,7.23,7.24,3818,1011,7.22,7.25,4022,4203,7.21,7.26,381,789,7.2,7.27,963,717,7.19,7.28,662,1217,"(22,)",0,0,0,0,0.14,2792,655706015.625,19,12,20260106,19970519,662463593.75,15520000.0,-3315552812.5,81304480000.0,0.0,0.0,-8700.000047683716,94689250000.0,24848075000.0,38978140000.0,3090755000.0,97692.0,62796320000.0,383845000.0,8619485000.0,12121413750.0,65522020000.0,50739830000.0,4298455000.0,-4367670000.0,-37590000.0,1185403046.875,-2400157031.25,10638547500.0,-5702235000.0,-5805790000.0,-5796568125.0,-7419346250.0,1.8289999961853027,9.0,655706015.625,1,4747311553.125,4747311553.125
0,000779,2599,9.19,8.89,8.94,9.24,8.88,14:59:56.695,14999082,-919,168519,3302,152999520.0,50405,118114,1,2280,9.18,9.19,939,269,9.17,9.2,410,1611,9.16,9.21,164,817,9.15,9.22,243,1563,9.14,9.23,920,623,"(1430,)",0,0,0,0,0.0,2599,464774687.5,4,21,20260202,19970528,464829492.1875,22740000.0,1803250312.5,13703638750.0,0.0,0.0,3400.000035762787,54431595000.0,36403130000.0,9743534375.0,1895450937.5,28201.0,13071415000.0,63659003.90625,17075442500.0,39525340000.0,14147545000.0,8970488125.0,16131237500.0,1931600000.0,70071997.0703125,-1232324062.5,-5019246875.0,374325000.0,1929210937.5,1576535000.0,1577157031.25,16996668750.0,8.503000259399414,9.0,464774687.5,1,4271279378.125,4271279378.125
0,000782,2163,6.1,6.14,6.17,6.28,6.07,14:59:57.808,14999391,-610,224231,771,138136672.0,131855,92376,1,9039,6.1,6.11,154,329,6.09,6.12,304,1043,6.08,6.13,1337,872,6.07,6.14,725,1202,6.06,6.15,982,244,"(1686,)",0,0,0,0,0.16,2163,528139609.375,12,27,20251030,19970619,686581484.375,12280000.0,-134072001.953125,24151435000.0,0.0,0.0,-799.9999821186066,30367610000.0,14615722500.0,5513069375.0,2118577968.75,28822.0,10351511875.0,0.0,10559752500.0,17192573750.0,18097992500.0,17508747500.0,2254117968.75,-582541992.1875,84778994.140625,-876832968.75,-1997980000.0,3669643125.0,-570503984.375,-570490000.0,-570490000.0,-1171396953.125,2.503999948501587,9.0,528139609.375,1,3221651617.1875,3221651617.1875
0,000788,1781,6.36,6.32,6.38,6.41,6.34,14:59:57.714,14999365,-636,140437,1276,89431792.0,69910,70527,0,17749,6.35,6.36,1323,680,6.34,6.37,2070,1826,6.33,6.38,2530,1013,6.32,6.39,1166,1524,6.31,6.4,764,3922,"(22,)",0,0,0,0,0.16,1781,595987382.8125,25,34,20251031,19970616,595987382.8125,12270000.0,1303649921.875,15343302500.0,0.0,0.0,2300.000041723252,20988900000.0,17561792500.0,1180740000.0,1244600000.0,49362.0,4628678750.0,-6462999.877929688,1991728906.25,16149765000.0,12311932500.0,8984228125.0,7565805000.0,1640377968.75,24718999.0234375,1317382968.75,356481015.625,1440501875.0,1666556093.75,1359805937.5,1359805937.5,7502355000.0,2.7100000381469727,9.0,595987382.8125,1,3790479754.6875,3790479754.6875
0,000789,1340,5.69,5.65,5.7,5.73,5.66,14:59:57.955,14999432,-569,63116,1108,35921912.0,33080,30036,-1,6299,5.69,5.7,90,1471,5.68,5.71,751,2068,5.67,5.72,733,1765,5.66,5.73,894,1980,5.65,5.74,306,2405,"(2582,)",0,0,0,0,0.0,1340,797407421.875,22,22,20251030,19970923,797407421.875,12300000.0,69781401.3671875,40180030000.0,0.0,0.0,99.99999776482582,157993820000.0,71804855000.0,60604180000.0,15273600000.0,46758.0,41172380000.0,33524947500.0,519483007.8125,65903920000.0,33277070000.0,28063987500.0,14790675000.0,696330000.0,173346992.1875,4155935000.0,1696203906.25,4626043125.0,749400937.5,170893984.375,74853999.0234375,53907990000.0,8.07699966430664,9.0,797407421.875,1,4537248230.46875,4537248230.46875
0,000790,1978,4.08,4.05,4.08,4.12,4.05,14:59:58.535,14999593,-408,194463,2598,79313744.0,91132,103331,1,28340,4.07,4.08,903,8906,4.06,4.09,2041,2801,4.05,4.1,2343,2517,4.04,4.11,1475,5216,4.03,4.12,150,2739,"(3094,)",0,0,0,0,0.25,1978,622614609.375,23,34,20251030,19980327,623719414.0625,12270000.0,57378701.171875,6630792500.0,0.0,0.0,-1599.9999642372131,18617050000.0,5462131875.0,4569807812.5,1762167031.25,36981.0,8000481250.0,174715000.0,662902031.25,9323530000.0,4573846250.0,2493496093.75,2701561875.0,-916119062.5,-250587988.28125,-103406992.1875,-499964023.4375,601727968.75,-929417031.25,-971142031.25,-977851953.125,1181117031.25,1.4950000047683716,9.0,622614609.375,1,2540267606.25,2540267606.25
0,000798,4023,11.74,11.49,11.69,12.05,11.63,14:59:55.777,14998827,-1174,432800,5874,512271392.0,213438,219363,-1,45790,11.74,11.75,52,4408,11.73,11.76,749,1524,11.72,11.77,299,786,11.71,11.78,551,589,11.7,11.79,914,682,"(3222,)",0,0,0,0,0.0,4023,365836210.9375,7,17,20251201,19980212,365858710.9375,10040000.0,161804101.5625,32486015000.0,0.0,0.0,1500.0000596046448,58812020000.0,28378565000.0,25888330000.0,446518984.375,60010.0,27041545000.0,12554980000.0,3310718125.0,4095237812.5,29668985000.0,28153187500.0,1541750000.0,1129250000.0,65282001.953125,3529362187.5,-124721992.1875,16542106250.0,1122644062.5,1060880937.5,534081015.625,-3526042187.5,1.11899995803833,9.0,365836210.9375,1,4294917116.40625,4294917116.40625
0,000802,3417,4.92,4.66,4.74,4.92,4.72,14:59:58.232,14999509,-492,547643,6339,264609040.0,182382,365262,0,16761,4.91,4.92,1459,8493,4.9,4.93,4623,1349,4.89,4.94,684,1823,4.88,4.95,404,4207,4.87,4.96,945,1258,"(5398,)",0,0,0,0,0.2,3417,715465234.375,7,18,20251025,19980108,715900234.375,27870000.0,-399105781.25,993666562.5,0.0,0.0,-4300.000071525574,19851743750.0,8604096875.0,601395000.0,4659164062.5,61932.0,11565697500.0,-206381015.625,31759915000.0,7794171250.0,2498523125.0,4512676875.0,859051953.125,-2523275000.0,2308999.938964844,858571953.125,581883984.375,430170000.0,-3014330000.0,-3053339062.5,-3053318125.0,-31652937500.0,1.0889999866485596,9.0,715465234.375,1,3520088953.125,3520088953.125
0,000803,2672,8.75,8.72,8.76,8.86,8.67,14:59:56.854,14999126,-875,108702,959,95156976.0,52436,56266,-2,11511,8.75,8.76,908,344,8.74,8.77,595,240,8.73,8.78,100,969,8.72,8.79,1030,12,8.71,8.8,2652,393,"(3094,)",0,0,0,0,0.11,2672,459787812.5,23,39,20251031,19980303,466296210.9375,23770000.0,-117722597.65625,10413516250.0,0.0,0.0,1099.9999940395355,52186820000.0,8046056250.0,10344872500.0,23106980000.0,17253.0,19030842500.0,179793007.8125,9572131875.0,14681226250.0,10361546250.0,8002353125.0,3409021875.0,571150000.0,28876000.9765625,2222253906.25,267446992.1875,429775000.0,594418007.8125,455445000.0,526100976.5625,-65002001.953125,3.1480000019073486,9.0,459787812.5,1,4023143359.375,4023143359.375
0,000809,1494,3.51,3.44,3.47,3.51,3.46,14:59:58.740,14999650,-351,131260,460,45799216.0,57112,74148,1,1398,3.5,3.51,269,4490,3.49,3.52,908,2494,3.48,3.53,4273,1465,3.47,3.54,1820,1471,3.46,3.55,1681,2743,"(22,)",0,0,0,0,0.29,1494,824791328.125,5,43,20260128,19980616,824791328.125,12380000.0,-784303671.875,850060937.5,0.0,0.0,-599.9999865889549,29091562500.0,11341165000.0,2880765000.0,785295000.0,28743.0,2259767031.25,102337001.953125,827658984.375,26705950000.0,1026855000.0,1081921953.125,1093117968.75,-490585976.5625,-88682001.953125,-538428984.375,-8379345000.0,673530000.0,-490568984.375,-504616992.1875,-499100000.0,15662545000.0,3.23799991607666,9.0,824791328.125,1,2895017561.71875,2895017561.71875
0,000812,1605,4.49,4.45,4.48,4.5,4.45,14:59:58.387,14999552,-449,130359,1865,58402832.0,61003,69356,-1,5439,4.48,4.49,3914,1557,4.47,4.5,7439,8116,4.46,4.51,4716,1860,4.45,4.52,3033,3044,4.44,4.53,1262,2004,"(2326,)",0,0,0,0,0.0,1605,768160937.5,8,46,20251028,19980623,768692578.125,12230000.0,589066992.1875,10587671250.0,0.0,0.0,199.99999552965164,57519310000.0,12402830000.0,23402130000.0,2304355000.0,68533.0,29927437500.0,543956015.625,1926882031.25,17978201250.0,10428259375.0,7898177500.0,3369650000.0,306587988.28125,-5530000.0,1605919062.5,1759171093.75,2779808125.0,279411015.625,189754003.90625,118045000.0,5272463125.0,2.33899998664856,9.0,768160937.5,1,3449042609.375,3449042609.375
0,000820,236,3.64,3.47,3.58,3.64,3.55,14:59:58.693,14999637,-364,36496,1,13195287.0,16010,20487,0,22081,3.64,0.0,19323,0,3.63,0.0,389,0,3.62,0.0,382,0,3.61,0.0,66,0,3.6,0.0,308,0,"(3221,)",0,0,0,0,0.0,236,296966894.53125,22,39,20260204,19980630,646555195.3125,22740000.0,-150635898.4375,1190857187.5,0.0,0.0,-99.99999776482582,5825421250.0,4216587812.5,12994000.244140623,17300999.755859375,19300.0,3457509062.5,799966015.625,6011615000.0,1488875000.0,922210000.0,744288984.375,1665390000.0,-154550000.0,-5999.999642372131,-233340996.09375,127020000.0,45423002.9296875,-155743994.140625,-129568994.140625,-83710000.0,-5941842500.0,0.2300000041723251,9.0,296966894.53125,1,1080959496.09375,1080959496.09375
0,000826,2371,2.26,2.16,2.18,2.28,2.17,14:59:59.190,14999775,-226,543288,4180,121781208.0,201546,341742,-1,2324,2.26,2.27,9115,34777,2.25,2.28,13803,27895,2.24,2.29,5000,10623,2.23,2.3,8269,21585,2.22,2.31,2553,2300,"(1174,)",0,0,0,0,0.44,2371,1425172968.75,19,39,20260205,19980225,1425353281.25,23780000.0,-11125786250.0,36941772500.0,0.0,0.0,-5400.000214576721,186717500000.0,62836655000.0,13936898750.0,71609375000.0,69689.0,93539120000.0,25408802500.0,65114310000.0,419100976.5625,33037772500.0,25350417500.0,42487930000.0,-4582630937.5,-2193353906.25,4426631875.0,-823646953.125,2395755000.0,-5633061250.0,-6423994375.0,-6831749375.0,-84684390000.0,0.0289999991655349,9.0,1425172968.75,1,3220890909.3749995,3220890909.3749995
0,000838,2835,2.73,2.73,2.75,2.81,2.71,14:59:59.021,14999728,-273,522450,5663,143688752.0,303739,218711,0,20270,2.73,2.74,1455,10971,2.72,2.75,764,3390,2.71,2.76,3818,2420,2.7,2.77,3601,769,2.69,2.78,965,1523,"(2902,)",0,0,0,0,0.0,2835,1053765937.5,25,11,20251028,19970626,1100462187.5,20700000.0,-60341201.171875,7483175000.0,0.0,0.0,-199.99999552965164,24937380000.0,19869490000.0,1282385000.0,71598999.0234375,42794.0,20324137500.0,324008007.8125,2567363125.0,4102446250.0,2137435937.5,1666317968.75,109250996.09375,-308116992.1875,-268126992.1875,739875000.0,245995996.09375,14779180000.0,-311937011.71875,-195004003.90625,-186535996.09375,-9882621250.0,0.3729999959468841,9.0,1053765937.5,1,2876781009.375,2876781009.375
0,000856,3017,11.26,11.04,11.41,11.45,11.11,14:59:55.950,14998875,-1126,139526,1711,156788896.0,69232,70295,0,47352,11.26,11.27,250,682,11.25,11.28,1066,367,11.24,11.29,721,562,11.23,11.3,66,568,11.22,11.31,66,79,"(6102,)",0,0,0,0,0.09,3017,227000000.0,11,26,20251030,19980813,227000000.0,12350000.0,112354296.875,19018680000.0,0.0,0.0,399.9999910593033,22533997500.0,19201248750.0,2068426875.0,143520996.09375,43804.0,18080137500.0,201043984.375,3586568125.0,4194640937.5,20373155000.0,18985211250.0,9527228125.0,24100998.53515625,45083999.0234375,-589549023.4375,-235470996.09375,3175503750.0,74862001.953125,83827001.953125,81182001.953125,-1767874062.5,1.8480000495910645,9.0,227000000.0,1,2556020000.0,2556020000.0
0,000862,2692,6.38,6.31,6.33,6.41,6.3,14:59:57.707,14999363,-638,161167,2037,102611464.0,72652,88515,-1,8856,6.38,6.39,146,4278,6.37,6.4,4104,4188,6.36,6.41,785,2442,6.35,6.42,1029,715,6.34,6.43,279,883,"(86,)",0,0,0,0,0.0,2692,627967109.375,14,16,20251025,19980915,917954687.5,13440000.0,1905295937.5,9301226250.0,0.0,0.0,2599.9999046325684,88700810000.0,24756315000.0,59815320000.0,771965000.0,47122.0,30934397500.0,810438984.375,34312715000.0,44831955000.0,9752275625.0,5992065000.0,23336837500.0,2663018125.0,27045998.53515625,10441881875.0,-55542998.046875,365303007.8125,2661598125.0,2429415937.5,2374515000.0,1095880000.0,4.883999824523926,9.0,627967109.375,1,4006430157.8125,4006430157.8125
0,000868,1398,4.92,4.91,4.93,4.95,4.89,14:59:58.232,14999509,-492,100175,1680,49217824.0,52352,47823,0,5566,4.91,4.92,1415,766,4.9,4.93,2970,4824,4.89,4.94,1047,2264,4.88,4.95,1137,4651,4.87,4.96,771,3450,"(150,)",0,0,0,0,0.2,1398,733328437.5,24,7,20260202,19970725,939514765.625,12360000.0,-53590000.0,16942357500.0,0.0,0.0,-99.99999776482582,42529620000.0,31963450000.0,5798238125.0,1611162968.75,46856.0,33051490000.0,355196015.625,13122737500.0,8513180000.0,24459747500.0,22500055000.0,12694221250.0,-202545000.0,44962998.046875,-344330000.0,-503816992.1875,3739693125.0,-198098007.8125,-199336992.1875,-86578994.140625,-14780481250.0,0.906000018119812,9.0,733328437.5,1,3607975912.5,3607975912.5
0,000889,2082,3.8,3.67,3.69,3.8,3.68,14:59:58.636,14999621,-380,263081,5260,98812536.0,96955,166127,0,1225,3.79,3.8,741,3793,3.78,3.81,789,2027,3.77,3.82,1052,2345,3.76,3.83,1355,1156,3.75,3.84,1789,1330,"(5718,)",0,0,0,0,0.26,2082,869849687.5,11,24,20251031,19971218,936291093.75,18650000.0,-230992695.3125,10780760000.0,0.0,0.0,-299.99999329447746,8891875000.0,7087411875.0,434790000.0,5091000.061035156,38025.0,7896461250.0,1361999.969482422,14896637500.0,709770000.0,11859761250.0,10968132500.0,5859631875.0,-266486015.625,0.0,-230116992.1875,-360046015.625,333748007.8125,-304146992.1875,-293636015.625,-293384003.90625,-24594235000.0,0.0759999975562095,9.0,869849687.5,1,3305428812.5,3305428812.5
0,000890,2760,5.48,5.37,5.4,5.5,5.38,14:59:58.031,14999453,-548,199521,8787,108916568.0,85454,114068,-1,8019,5.48,5.49,1398,2410,5.47,5.5,3586,16162,5.46,5.51,1921,1829,5.45,5.52,1119,1182,5.44,5.53,425,1089,"(3798,)",0,0,0,0,-0.17,2760,419491093.75,26,3,20260203,19990119,419503984.375,12330000.0,-413538593.75,2693328437.5,0.0,0.0,-500.0000074505806,9856475625.0,3941494062.5,1676832031.25,381928984.375,45494.0,9292321250.0,541437031.25,2522671093.75,-55430000.0,2045335000.0,2001320000.0,1743906093.75,-406096992.1875,186586992.1875,346606015.625,31717001.953125,986753984.375,-410428984.375,-406253007.8125,-227653007.8125,-7273020000.0,-0.0130000002682209,9.0,419491093.75,1,2298811193.75,2298811193.75
0,000897,2182,2.31,2.28,2.29,2.34,2.28,14:59:59.172,14999770,-231,425127,4579,98281096.0,177599,247528,-1,2723,2.31,2.32,7359,16446,2.3,2.33,10857,22504,2.29,2.34,12184,35324,2.28,2.35,13187,29022,2.27,2.36,5580,12553,"(2582,)",0,0,0,0,0.0,2182,1617241562.5,9,11,20251029,19990422,1617272187.5,20700000.0,3713594375.0,16548512500.0,0.0,0.0,99.99999776482582,44871190000.0,41884860000.0,39073999.0234375,14785999.755859377,81953.0,13018590000.0,996550000.0,3092440937.5,30724975000.0,3074664062.5,2020710937.5,453641015.625,322960000.0,141643994.140625,-6625740625.0,-6053063125.0,33521777500.0,311161015.625,145158994.140625,181963007.8125,10603522500.0,1.899999976158142,9.0,1617241562.5,1,3735828009.375,3735828009.375
0,000906,1398,6.24,6.16,6.21,6.25,6.18,14:59:57.757,14999377,-624,55885,694,34734708.0,23581,32304,1,9060,6.23,6.24,250,1721,6.22,6.25,197,3250,6.21,6.26,410,2280,6.2,6.27,1317,1692,6.19,6.28,147,1514,"(2518,)",0,0,0,0,0.16,1398,701239765.625,28,12,20251025,19990707,709663203.125,21720000.0,3620042500.0,1472104480000.0,0.0,0.0,2300.000041723252,533931960000.0,502259600000.0,14477731250.0,4572969062.5,28465.0,414844360000.0,37929427500.0,8543915625.0,57559240000.0,1706224320000.0,1692114400000.0,73461325000.0,6247128125.0,3002943125.0,-55241460000.0,-5369332500.0,200738780000.0,6235861250.0,4499994062.5,1900270000.0,28120740000.0,6.702000141143799,9.0,701239765.625,1,4375736137.5,4375736137.5
0,000909,348,5.55,5.53,5.52,5.67,5.52,14:59:58.006,14999446,-555,27273,162,15291427.0,11480,15794,0,530,5.55,5.58,22,100,5.54,5.59,306,198,5.53,5.6,142,152,5.52,5.62,208,30,5.51,5.63,110,200,"(4502,)",0,0,0,0,-0.53,348,437710585.9375,28,25,20251025,19990507,437714296.875,20700000.0,481931093.75,2354099843.75,0.0,0.0,-1500.0000596046448,23454990000.0,7903753125.0,4689835000.0,65164003.90625,18619.0,11760745000.0,492001992.1875,9990350000.0,9929511250.0,2422067031.25,1552812031.25,699611015.625,-450326992.1875,-125390000.0,458678984.375,-6183000.48828125,3993537812.5,-451564023.4375,-641927968.75,-674612031.25,-4650634062.5,2.2690000534057617,9.0,437710585.9375,1,2429293751.953125,2429293751.953125
0,000910,1313,7.85,7.71,7.78,7.87,7.77,14:59:57.178,14999216,-785,46362,167,36290664.0,19784,26578,1,1019,7.84,7.85,169,367,7.83,7.86,1073,1044,7.82,7.87,953,1025,7.81,7.88,753,3154,7.8,7.89,362,364,"(86,)",0,0,0,0,0.0,1313,547184492.1875,26,4,20251030,19990630,547397500.0,12200000.0,1340603281.25,37723055000.0,0.0,0.0,1299.9999523162842,97451220000.0,71187340000.0,14824025000.0,4766975000.0,17629.0,27499312500.0,1489048125.0,2433890937.5,67172980000.0,34039287500.0,25232287500.0,15925348750.0,754133984.375,74832001.953125,-200743984.375,-449591015.625,18121395000.0,744452968.75,540000976.5625,731730000.0,55944305000.0,12.270999908447266,9.0,547184492.1875,1,4295398263.671875,4295398263.671875
0,000911,2587,6.78,6.66,6.69,6.78,6.66,14:59:57.563,14999323,-678,120890,1162,81382504.0,47814,73076,1,11708,6.77,6.78,146,2413,6.76,6.79,2635,554,6.75,6.8,1614,1689,6.74,6.81,1891,333,6.73,6.82,1851,485,"(22,)",0,0,0,0,0.15,2587,400319804.6875,10,14,20260205,19990527,400319804.6875,12130000.0,-273104296.875,21482997500.0,0.0,0.0,-99.99999776482582,30769695000.0,12480710000.0,12447822500.0,4037885937.5,34900.0,27449025000.0,772768984.375,19593493750.0,1200405937.5,17442517500.0,15247323750.0,3479446250.0,17652000.732421875,-327999.99237060547,-226192988.28125,-5206855937.5,2571450937.5,2905000.0,-76407001.953125,-43920000.0,-23909640000.0,0.3000000119209289,9.0,400319804.6875,1,2714168275.78125,2714168275.78125
0,000919,2536,7.74,7.78,7.85,7.88,7.72,14:59:57.217,14999227,-774,116402,2404,90346208.0,70534,45868,0,35113,7.73,7.74,1700,1166,7.72,7.75,1988,224,7.71,7.76,747,1260,7.7,7.77,1072,366,7.69,7.78,565,214,"(982,)",0,0,0,0,0.13,2536,621766718.75,26,34,20260202,19991118,621924492.1875,12270000.0,767564531.25,25305950000.0,0.0,0.0,1099.9999940395355,60239970000.0,35439652500.0,13646337500.0,3228650000.0,33513.0,9606682500.0,10547395000.0,10882738750.0,37923630000.0,23801430000.0,18886112500.0,5146471875.0,896028046.875,135212001.953125,892921953.125,-5769676250.0,2671485000.0,897111015.625,748181953.125,684582968.75,16668992500.0,6.079999923706055,9.0,621766718.75,1,4812474403.125,4812474403.125
0,000926,2055,2.36,2.31,2.34,2.37,2.3,14:59:59.154,14999765,-236,463090,3656,108536968.0,229038,234053,0,18191,2.35,2.36,5914,10558,2.34,2.37,8119,21480,2.33,2.38,8507,15798,2.32,2.39,2995,11041,2.31,2.4,3625,11295,"(5142,)",0,0,0,0,0.0,2055,1573209218.75,19,11,20260204,19990618,1592964843.75,20700000.0,166303398.4375,22807670000.0,0.0,0.0,-5400.000214576721,278625120000.0,216095500000.0,5337643125.0,479390000.0,41600.0,135073560000.0,8823275000.0,23553630000.0,86265110000.0,10161336875.0,8856178125.0,3268735937.5,-7508906250.0,-804685000.0,2176582031.25,628012968.75,180122040000.0,-7568706250.0,-8818567500.0,-8669931250.0,34140490000.0,5.414999961853027,9.0,1573209218.75,1,3712773756.25,3712773756.25
0,000929,551,9.99,9.9,9.93,10.02,9.85,14:59:56.407,14999002,-999,19161,75,19042702.0,8073,11088,0,2770,9.97,9.99,214,104,9.96,10.0,199,344,9.95,10.01,276,58,9.94,10.02,200,764,9.93,10.03,85,94,"(86,)",0,0,0,0,0.3,551,185754199.21875,4,37,20260206,19990623,185765996.09375,12150000.0,-386837890.625,1779108750.0,0.0,0.0,599.9999865889549,11185596250.0,4897960000.0,1433663906.25,481355000.0,10939.0,3318055000.0,3141725000.0,1844118906.25,4673251250.0,2194464062.5,1749570000.0,775328984.375,-178735996.09375,31282998.046875,-1338027968.75,164468984.375,1896496093.75,-221856015.625,-221826992.1875,109282998.046875,1030261015.625,2.5160000324249268,9.0,185754199.21875,1,1855684450.1953125,1855684450.1953125
0,000931,1867,5.3,5.2,5.22,5.36,5.2,14:59:58.096,14999471,-530,159353,1048,84085376.0,66202,93151,1,1743,5.29,5.3,2518,99,5.28,5.31,675,4049,5.27,5.32,149,1909,5.26,5.33,1450,1457,5.25,5.34,564,1002,"(1942,)",0,0,0,0,0.0,1867,751029531.25,7,34,20251030,19990712,753127031.25,12270000.0,516290390.625,19298437500.0,0.0,0.0,700.0000029802322,38161262500.0,17410130000.0,8555215000.0,1172412031.25,68039.0,13703623750.0,2286338125.0,15760287500.0,16378623750.0,18824625000.0,7597725000.0,10745945000.0,848296015.625,-16825999.755859375,232561015.625,429285000.0,2020700000.0,838955000.0,612535000.0,494912968.75,-7468765000.0,2.174999952316284,9.0,751029531.25,1,3980456515.625,3980456515.625
0,000952,2307,8.04,7.94,7.99,8.08,7.94,14:59:57.109,14999197,-804,93877,849,75298024.0,43274,50603,1,7654,8.03,8.04,416,26,8.02,8.05,27,406,8.01,8.06,46,1520,8.0,8.07,211,379,7.99,8.08,106,887,"(22,)",0,0,0,0,-0.11,2307,343993984.375,19,34,20260203,19991112,346750390.625,12270000.0,-1585755937.5,4621936250.0,0.0,0.0,-2800.000011920929,25803247500.0,8218617500.0,14395306250.0,2052715000.0,31564.0,12252257500.0,-22303000.48828125,3654192187.5,9654307500.0,4292637187.5,3030734062.5,1450900000.0,-1050121015.625,187998007.8125,476428984.375,-549981992.1875,3173477812.5,-1069857031.25,-1070283984.375,-972986015.625,1100932968.75,2.7839999198913574,9.0,343993984.375,1,2765711634.3749995,2765711634.3749995
0,000953,1854,7.31,7.26,7.26,7.31,7.24,14:59:57.372,14999270,-731,69789,1130,50813944.0,32821,36968,2,6164,7.3,7.31,93,811,7.29,7.32,1268,1239,7.28,7.33,629,1206,7.27,7.34,524,1164,7.26,7.35,609,1118,"(1878,)",0,0,0,0,0.14,1854,366122187.5,10,34,20251028,19991202,366122187.5,12270000.0,792887187.5,1666951250.0,0.0,0.0,199.99999552965164,2721195000.0,1116482031.25,1339192031.25,207088984.375,35836.0,908855937.5,176228007.8125,5053053125.0,1541363906.25,1294521015.625,1060985000.0,154749003.90625,85203994.140625,0.0,427245000.0,-426237031.25,344006015.625,84927001.953125,86521992.1875,79331000.9765625,-7313261250.0,0.4210000038146972,9.0,366122187.5,1,2676353190.625,2676353190.625
0,000955,2664,5.88,5.81,5.86,5.92,5.82,14:59:57.887,14999413,-588,157746,1651,92794656.0,77427,80319,0,4366,5.87,5.88,820,166,5.86,5.89,915,1012,5.85,5.9,1711,2235,5.84,5.91,1010,2071,5.83,5.92,718,5581,"(150,)",0,0,0,0,0.17,2664,537993007.8125,30,15,20260203,19991209,538395000.0,12170000.0,-138664697.265625,3933412187.5,0.0,0.0,0.0,8579575000.0,4523026875.0,2480725937.5,758115000.0,47466.0,987132031.25,567220000.0,4896810000.0,6483218125.0,3332598750.0,3009252812.5,727395000.0,-9419000.244140623,22616999.51171875,-238725000.0,-1395194062.5,819767968.75,-12283999.0234375,-13282000.732421877,2302000.1220703125,-3797542187.5,1.2039999961853027,9.0,537993007.8125,1,3163398885.9375,3163398885.9375
0,000965,2615,4.16,4.07,4.1,4.19,4.09,14:59:58.506,14999585,-416,326495,3316,135398160.0,135921,190574,0,5150,4.15,4.16,958,6175,4.14,4.17,3976,5095,4.13,4.18,2449,9538,4.12,4.19,1699,12721,4.11,4.2,4586,11552,"(86,)",0,0,0,0,0.0,2615,1109830937.5,9,11,20251025,20000406,1109830937.5,20700000.0,8900900.268554688,15677013750.0,0.0,0.0,599.9999865889549,154942000000.0,130833400000.0,3641360000.0,21923000.48828125,54637.0,54009020000.0,11759113750.0,23128160000.0,54939270000.0,23200435000.0,21292815000.0,1184761015.625,1080363984.375,295296992.1875,-9463388125.0,2766598125.0,105394100000.0,1083219062.5,1114171953.125,646110000.0,17783656250.0,4.949999809265137,9.0,1109830937.5,1,4616896700.0,4616896700.0
0,000972,583,3.55,3.5,3.49,3.61,3.49,14:59:58.726,14999646,-355,92030,518,32618424.0,34839,57191,-2,3347,3.55,3.57,1245,1050,3.54,3.58,1364,1707,3.53,3.59,448,2212,3.52,3.6,425,1167,3.51,3.61,827,2523,"(662,)",0,0,0,0,-0.27,583,771283593.75,2,14,20260106,20000926,771283593.75,12130000.0,-435443281.25,2978200312.5,0.0,0.0,-1899.999976158142,12482815000.0,7857496875.0,4183489062.5,166370000.0,25828.0,12214111250.0,37814001.46484375,10716677500.0,-1714555000.0,3541726250.0,3787292187.5,529700976.5625,-1465180000.0,0.0,-373690000.0,-554566015.625,5460628125.0,-1483012031.25,-1509867968.75,-1440874062.5,-20506861250.0,-0.2220000028610229,9.0,771283593.75,1,2738056757.8125,2738056757.8125
0,000978,2156,7.34,7.21,7.25,7.36,7.23,14:59:57.361,14999267,-734,104881,959,76648496.0,43593,61288,0,3299,7.34,7.35,243,548,7.33,7.36,782,1234,7.32,7.37,604,186,7.31,7.38,87,675,7.3,7.39,301,314,"(86,)",0,0,0,0,0.0,2156,468118789.0625,10,10,20260204,20000518,468130000.0,23780000.0,68030698.2421875,3421115000.0,0.0,0.0,799.9999821186066,22774475000.0,3170325000.0,9766786250.0,3141549062.5,29461.0,5511138125.0,-1791999.969482422,13288500000.0,11077627500.0,3387684062.5,2267427968.75,687981953.125,368987968.75,221211015.625,1076416015.625,1442442031.25,42857998.046875,426225000.0,334403007.8125,357676992.1875,-7813477500.0,2.365999937057495,9.0,468118789.0625,1,3435991911.71875,3435991911.71875
0,000985,1715,21.38,21.43,21.65,21.81,21.19,14:59:52.307,14997863,-2138,20761,348,44289340.0,10105,10656,5,1191,21.38,21.39,5,20,21.34,21.4,5,19,21.33,21.43,20,21,21.32,21.44,3,68,21.29,21.45,7,120,"(22,)",0,0,0,0,0.28,1715,129639501.953125,1,19,20251030,20000726,129639501.953125,12260000.0,311297304.6875,15052927500.0,0.0,0.0,1000.0000149011612,7293781250.0,4414131875.0,2368573125.0,122406005.859375,12622.0,1043640000.0,0.0,2909072187.5,6149943125.0,14318850000.0,13457551250.0,0.0,175345000.0,0.0,1183071015.625,768870000.0,359526015.625,176336992.1875,132253007.8125,132253007.8125,1250174062.5,4.74399995803833,9.0,129639501.953125,1,2771692551.7578125,2771692551.7578125
0,000995,4673,18.8,18.08,17.83,19.4,17.83,14:59:53.236,14998121,-1880,540272,9032,1005659456.0,270047,270226,2,810436,18.79,18.8,485,14,18.78,18.81,2326,101,18.77,18.82,565,286,18.76,18.83,890,67,18.75,18.84,626,33,"(5782,)",0,0,0,0,0.11,4673,177408007.8125,4,37,20260106,20000807,177408007.8125,12150000.0,226256406.25,1134695234.375,0.0,0.0,-399.9999910593033,4855525000.0,2586547031.25,785446015.625,1389355000.0,37164.0,3368780000.0,11787000.732421877,5612215000.0,1474619062.5,870830000.0,301684003.90625,51717998.046875,-62281000.9765625,0.0,-143362001.953125,-199111992.1875,1939592031.25,-64571000.9765625,-71009003.90625,-71359003.90625,-5970288125.0,0.8309999704360962,9.0,177408007.8125,1,3335270546.875,3335270546.875
0,001201,1263,15.13,15.04,15.12,15.17,15.03,14:59:54.557,14998488,-1513,30779,365,46490436.0,14794,15986,1,2253,15.13,15.14,26,80,15.12,15.15,17,141,15.11,15.16,236,126,15.1,15.17,233,217,15.09,15.18,2,267,"(3862,)",0,0,0,0,0.07,1263,203134609.375,12,17,20251031,20210428,257784003.90625,10030000.0,-769769609.375,10658586250.0,0.0,0.0,399.9999910593033,62069500000.0,15217467500.0,39648027500.0,292557011.71875,17738.0,16126097500.0,34490000.0,27323735000.0,33970587500.0,15997973750.0,13086522500.0,59460000.0,149610996.09375,-22181000.9765625,1357055000.0,-111141005.859375,8924263125.0,131989003.90625,112746992.1875,114675000.0,3657101875.0,13.178000450134276,9.0,203134609.375,1,3073426639.84375,3073426639.84375
0,001202,1989,18.19,18.16,18.18,18.33,18.06,14:59:53.455,14998182,-1819,41862,869,75940648.0,23271,18591,0,3836,18.18,18.19,452,261,18.17,18.2,150,1251,18.16,18.21,154,104,18.15,18.22,21,261,18.14,18.23,3,20,"(1686,)",0,0,0,0,0.06,1989,116824003.90625,12,8,20260122,20210429,166691093.75,16580000.0,676460937.5,7142177500.0,0.0,0.0,3600.0001430511475,18668292500.0,5914232500.0,5828293125.0,2141014062.5,12026.0,4828244062.5,-868000.0305175781,3718671250.0,8363550625.0,13031921250.0,11409627500.0,1674668906.25,782852968.75,0.0,114687001.953125,-367931015.625,268134003.90625,745766015.625,462591015.625,592443007.8125,2675222187.5,5.017000198364258,9.0,116824003.90625,1,2125028631.0546877,2125028631.0546877
0,001205,1155,16.27,16.16,16.2,16.3,16.15,14:59:54.146,14998374,-1627,29648,454,48088908.0,16487,13161,-1,2284,16.27,16.28,270,345,16.26,16.29,552,508,16.25,16.3,433,557,16.24,16.31,1164,3,16.23,16.32,205,15,"(22,)",0,0,0,0,0.18,1155,159502304.6875,26,8,20260105,20210513,188003496.09375,16550000.0,1347378750.0,11307730000.0,0.0,0.0,3899.999856948853,45663580000.0,4999668125.0,35990905000.0,0.0,13486.0,11388382500.0,1618715937.5,10079421250.0,21196877500.0,10794996250.0,8268193750.0,1232661015.625,898346953.125,-101000.00381469728,3440285937.5,-1358525000.0,682492031.25,925208984.375,774125937.5,732625000.0,8351121875.0,11.072999954223633,9.0,159502304.6875,1,2595102497.265625,2595102497.265625
0,001206,1466,25.17,24.99,25.05,25.23,24.85,14:59:50.942,14997484,-2517,19437,321,48638444.0,9167,10270,0,2305,25.16,25.17,205,165,25.15,25.18,68,326,25.14,25.19,48,110,25.13,25.2,569,190,25.11,25.21,13,25,"(2582,)",0,0,0,0,0.04,1466,106315498.046875,9,38,20260203,20210518,184893808.59375,12410000.0,1509316875.0,13156175000.0,0.0,0.0,8500.00023841858,22001647500.0,14201026250.0,5758148125.0,462308007.8125,18089.0,3117090000.0,0.0,11199457500.0,18707806250.0,13060961250.0,10433161250.0,3170041875.0,2102060937.5,148717001.953125,2635000937.5,406093984.375,1489657968.75,2096045000.0,1567010000.0,1567010000.0,4964946250.0,10.118000030517578,9.0,106315498.046875,1,2675961085.8398438,2675961085.8398438
0,001209,3109,24.45,24.8,24.14,24.88,23.87,14:59:51.202,14997556,-2445,91261,2395,221622112.0,46520,44741,0,37320,24.44,24.45,89,854,24.43,24.46,18,32,24.42,24.47,10,72,24.41,24.48,4,21,24.4,24.49,98,91,"(2070,)",0,0,0,0,-0.11,3109,96094599.609375,12,41,20251031,20210723,131522695.3125,12180000.0,718968437.5,11576952500.0,0.0,0.0,1299.9999523162842,19550745000.0,9614930000.0,5605430000.0,3306821250.0,16687.0,5035039062.5,-12229000.244140623,7502377500.0,12848367500.0,12287052500.0,8424636250.0,856494062.5,262455000.0,10023999.633789062,-281788984.375,-1483257031.25,5776726250.0,273337988.28125,169488007.8125,172198007.8125,4169123750.0,9.769000053405762,9.0,96094599.609375,1,2349512960.4492188,2349512960.4492188
0,001210,2204,24.01,23.08,23.4,24.05,23.01,14:59:51.360,14997600,-2401,36467,758,86511928.0,15969,20499,8,4048,24.0,24.01,11,68,23.98,24.02,1,47,23.95,24.03,27,16,23.93,24.04,25,8,23.92,24.05,30,71,"(3478,)",0,0,0,0,0.21,2204,95299003.90625,7,42,20251025,20210729,156812695.3125,13440000.0,629539882.8125,6299918125.0,0.0,0.0,5699.999928474426,20558973750.0,11036776250.0,5577005625.0,1595920000.0,11556.0,4420825000.0,860566015.625,5726255000.0,12970080000.0,6910643125.0,5082153750.0,3410660000.0,1003151953.125,10458000.48828125,-642875000.0,-2478514062.5,589062031.25,999912031.25,862742031.25,898030937.5,5140839062.5,8.270999908447266,9.0,95299003.90625,1,2288129083.7890625,2288129083.7890625
0,001211,1757,29.65,29.55,29.6,29.88,29.55,14:59:49.330,14997036,-2965,16895,111,50153044.0,8461,8434,0,3374,29.65,29.66,56,14,29.64,29.7,54,23,29.63,29.71,102,10,29.61,29.72,45,4,29.6,29.73,14,37,"(22,)",0,0,0,0,-0.02,1757,66996601.5625,28,4,20251216,20210805,72000000.0,12200000.0,141532597.65625,9277658750.0,0.0,0.0,1099.9999940395355,18562936250.0,7944556875.0,7429750000.0,1437019062.5,8642.0,8079253125.0,98282998.046875,4871682812.5,8642990625.0,10832132500.0,7268290000.0,2425667968.75,48005000.0,966999.969482422,260962011.71875,-988500000.0,3371823750.0,36031000.9765625,82667001.953125,84384003.90625,2999466875.0,12.003999710083008,9.0,66996601.5625,1,1986449236.328125,1986449236.328125
0,001215,2603,43.81,43.41,44.68,45.47,43.08,14:59:44.232,14995620,-4381,50302,342,222055648.0,28108,22194,5,23770,43.8,43.81,14,6,43.79,43.82,2,8,43.77,43.86,79,12,43.76,43.89,35,22,43.72,43.9,4,27,"(22,)",0,0,0,0,-0.08,2603,96782900.390625,13,14,20251204,20210906,97160400.390625,12140000.0,815546484.375,13639276250.0,0.0,0.0,5500.00011920929,24311662500.0,9039350625.0,12461915000.0,714583984.375,9555.0,4515914062.5,-6877999.877929688,10840611250.0,18674268750.0,13776112500.0,10644610000.0,1240398046.875,679165000.0,-709000.0152587891,1113349062.5,-611973007.8125,2810209062.5,663402968.75,534895000.0,537753984.375,6451086875.0,19.21999931335449,9.0,96782900.390625,1,4240058866.1132812,4240058866.1132812
0,001216,2398,18.81,18.54,18.67,18.87,18.4,14:59:53.232,14998120,-1881,72511,1573,135586752.0,37332,35179,1,17979,18.8,18.81,280,393,18.79,18.82,163,880,18.78,18.83,231,428,18.77,18.84,247,237,18.76,18.85,115,364,"(22,)",0,0,0,0,0.0,2398,246023906.25,21,4,20251027,20211019,251866699.21875,12300000.0,1685051718.75,9824150625.0,0.0,0.0,7500.0,21909947500.0,11746085000.0,5517945000.0,1043637031.25,16295.0,2731633125.0,92805000.0,5565220000.0,18083686250.0,11329422500.0,7523440000.0,1340437031.25,2155400937.5,97610000.0,2897410937.5,3347746250.0,1605111093.75,2134842968.75,1871238125.0,1890173125.0,9069475000.0,7.179999828338623,9.0,246023906.25,1,4627709676.5625,4627709676.5625
0,001217,2465,14.07,12.79,12.8,14.07,12.72,14:59:54.938,14998594,-1407,222591,2800,300199680.0,92147,130445,0,49344,14.07,0.0,74506,0,14.06,0.0,5,0,14.01,0.0,24,0,14.0,0.0,25,0,13.94,0.0,15,0,"(3542,)",0,0,0,0,0.0,2465,328583007.8125,24,19,20251027,20210929,331870000.0,12260000.0,802719531.25,12071511250.0,0.0,0.0,700.0000029802322,34730335000.0,9857815000.0,22075535000.0,824857031.25,21798.0,11308501250.0,0.0,8486531875.0,22485725000.0,15219118750.0,14109537500.0,438800000.0,302638984.375,31771999.51171875,1126205000.0,-549755000.0,1823325937.5,355363984.375,219831015.625,219831015.625,9013275000.0,6.775000095367432,9.0,328583007.8125,1,4623162919.921875,4623162919.921875
0,001218,2128,25.95,25.8,26.13,26.29,25.48,14:59:50.662,14997406,-2595,23835,243,61551736.0,11979,11857,-4,1986,25.88,25.95,10,55,25.87,25.96,6,1,25.86,25.97,6,7,25.85,25.99,5,37,25.84,26.0,88,29,"(3862,)",0,0,0,0,0.08,2128,92907197.265625,21,19,20260203,20211015,130178300.78125,12260000.0,759048593.75,25759925000.0,0.0,0.0,7699.999809265137,30768880000.0,17585676250.0,7952078125.0,1596205937.5,12436.0,7096852500.0,0.0,13183043750.0,22747452500.0,34798312500.0,31309975000.0,4930678750.0,1034671015.625,23120000.0,2282996093.75,-1381125937.5,4084565000.0,1037287031.25,1005037968.75,1005037968.75,7683731875.0,17.474000930786133,9.0,92907197.265625,1,2410941769.0429688,2410941769.0429688
0,001219,1748,15.03,14.94,15.1,15.1,14.87,14:59:54.593,14998498,-1503,33995,219,50906680.0,17746,16249,0,11763,15.02,15.03,16,161,15.01,15.04,1,313,15.0,15.05,104,106,14.99,15.06,47,326,14.98,15.07,53,80,"(1878,)",0,0,0,0,0.0,1748,190122109.375,15,14,20251218,20211021,194983808.59375,12140000.0,866002812.5,3952648437.5,0.0,0.0,4799.999892711639,12862685000.0,9172463125.0,298750996.09375,138287998.046875,15060.0,2215989062.5,15780000.0,2629677812.5,10618410000.0,4234198125.0,2555420000.0,195153007.8125,1247632031.25,94852001.953125,1271298046.875,132181005.859375,229278007.8125,1237141015.625,928770000.0,927690000.0,5402407500.0,5.446000099182129,9.0,190122109.375,1,2857535303.90625,2857535303.90625
0,001220,3724,46.62,48.09,48.07,48.57,46.62,14:59:43.220,14995339,-4662,83706,2122,396728608.0,50203,33503,0,47637,46.62,46.63,212,72,46.61,46.64,212,164,46.6,46.65,171,69,46.59,46.66,4,29,46.58,46.67,51,6,"(17814,)",0,0,0,0,-0.12,3724,22608601.07421875,7,8,20260203,20260203,92290000.0,16540000.0,0.0,0.0,0.0,0.0,11799.999475479126,11186865000.0,6569606250.0,2211035000.0,1595026875.0,44128.0,1739667031.25,0.0,1370250937.5,9380992500.0,6613340000.0,4990460937.5,2841186875.0,1360107968.75,15360999.755859377,2192824062.5,180526992.1875,0.0,1352026875.0,1092044062.5,1092044062.5,6898681250.0,16.211000442504883,9.0,22608601.07421875,1,1054012982.0800781,1054012982.0800781
0,001221,2941,75.45,72.86,72.85,76.11,70.0,14:59:32.842,14992456,-7545,40419,528,298064800.0,18503,21917,8,19670,75.45,75.46,7,27,75.43,75.48,17,7,75.41,75.49,35,5,75.4,75.5,10,80,75.38,75.51,18,1,"(4758,)",0,0,0,0,0.04,2941,36008999.0234375,12,4,20260202,20250730,400010000.0,12330000.0,0.0,0.0,0.0,0.0,13099.99942779541,42583855000.0,30206622500.0,8326384375.0,2404122031.25,13511.0,14736775000.0,0.0,5986691250.0,27402637500.0,24968192500.0,15537690000.0,1282071953.125,5660919375.0,43192001.953125,7910595000.0,8281725000.0,2276242968.75,5622843125.0,4834695000.0,4834695000.0,15952098750.0,6.85099983215332,9.0,36008999.0234375,1,2716878976.3183594,2716878976.3183594
0,001222,1127,22.46,22.32,22.55,22.55,22.22,14:59:51.918,14997755,-2246,10591,50,23732656.0,5286,5306,0,1511,22.45,22.46,27,15,22.44,22.47,15,62,22.43,22.48,8,34,22.42,22.49,12,52,22.4,22.5,15,483,"(5142,)",0,0,0,0,-0.08,1127,107409902.34375,28,50,20251030,20220818,190890000.0,12410000.0,1197396171.875,9307911250.0,0.0,0.0,6899.999976158142,18355050000.0,12269980000.0,4021885000.0,329321015.625,13616.0,2198059062.5,1837421093.75,4998876250.0,14245690000.0,12812965000.0,9867857500.0,3321832812.5,1693015000.0,8905000.0,165456015.625,-496581992.1875,3096636875.0,1685435000.0,1578659062.5,1302151953.125,6928080000.0,7.4629998207092285,9.0,107409902.34375,1,2412426406.640625,2412426406.640625
0,001225,1566,78.38,74.62,76.5,80.2,74.92,14:59:31.787,14992163,-7838,17677,59,139046096.0,7870,9807,0,383,78.28,78.38,4,37,78.2,78.41,2,1,78.1,78.43,9,17,78.09,78.44,11,38,78.06,78.46,11,40,"(790,)",0,0,0,0,0.03,1566,21038798.828125,28,26,20251031,20230222,65866801.7578125,12340000.0,424755390.625,1803097031.25,0.0,0.0,4900.000095367432,15456662500.0,9707105000.0,2015661875.0,502775000.0,6967.0,1551350000.0,0.0,9201699375.0,13810370000.0,1812143906.25,1177207031.25,316359003.90625,344926992.1875,20332000.732421875,307033007.8125,-3530165000.0,1097294062.5,342851992.1875,314930000.0,314930000.0,3743334062.5,20.96699905395508,9.0,21038798.828125,1,1649021052.1484375,1649021052.1484375
0,001226,1294,51.1,50.69,51.19,51.19,49.66,14:59:41.608,14994891,-5110,14103,359,71157072.0,7277,6826,8,3942,51.08,51.1,7,228,51.07,51.11,1,21,51.05,51.13,2,1,51.04,51.14,3,3,51.03,51.15,7,2,"(22,)",0,0,0,0,0.37,1294,33926699.21875,24,26,20251031,20220622,74666699.21875,12340000.0,153366201.171875,4414553750.0,0.0,0.0,2199.999988079071,11729272500.0,7320038125.0,2466938125.0,435162031.25,10322.0,3871218125.0,0.0,4840615937.5,7287409375.0,4940087187.5,4330715000.0,2785084062.5,177396992.1875,23908000.48828125,745658984.375,275816992.1875,931536015.625,175886992.1875,165205000.0,165260000.0,1466585000.0,9.760000228881836,9.0,33926699.21875,1,1733654330.078125,1733654330.078125
0,001228,2294,32.6,31.22,31.19,32.93,30.91,14:59:48.268,14996741,-3260,40368,430,129313272.0,16384,23985,11,11322,32.59,32.6,16,11,32.58,32.62,20,3,32.57,32.65,21,1,32.56,32.68,2,3,32.55,32.7,37,25,"(3542,)",0,0,0,0,0.31,2294,79864599.609375,28,8,20260205,20220429,103864599.609375,21720000.0,904870703.125,29831215000.0,0.0,0.0,9300.000071525574,45613290000.0,28148520000.0,6610578125.0,3917068125.0,10510.0,24441202500.0,1332365937.5,9189600000.0,17100270000.0,39903290000.0,36765285000.0,7367935000.0,1545987968.75,65815000.0,-1578090000.0,2776200937.5,5878851250.0,1532960000.0,1083012031.25,955128984.375,7377717500.0,16.464000701904297,9.0,79864599.609375,1,2603585947.265625,2603585947.265625
0,001229,1598,38.21,37.41,38.0,38.32,37.76,14:59:46.248,14996180,-3821,12192,83,46467600.0,5188,7004,0,6612,38.21,38.23,68,1,38.2,38.24,25,4,38.19,38.25,22,5,38.18,38.26,12,62,38.17,38.27,36,15,"(22,)",0,0,0,0,-0.09,1598,52679399.4140625,12,24,20251210,20220808,102451503.90625,12390000.0,521330898.4375,1173959296.875,0.0,0.0,4000.000059604645,10432030000.0,5996390000.0,1243937968.75,1390805000.0,12887.0,678675937.5,2162999.8779296875,5759066250.0,9729543125.0,1322040000.0,474270000.0,631331015.625,480124023.4375,24800000.0,870094062.5,464371015.625,282146992.1875,476593007.8125,401884023.4375,401953984.375,2595142031.25,9.729000091552734,9.0,52679399.4140625,1,2012879851.6113281,2012879851.6113281
0,001230,3633,26.61,24.7,25.16,26.74,25.01,14:59:50.424,14997340,-2661,108572,573,285602976.0,46612,61961,0,13410,26.6,26.61,10,289,26.59,26.62,7,48,26.58,26.63,26,294,26.57,26.64,3,2,26.56,26.65,15,161,"(3478,)",0,0,0,0,0.0,3633,78557299.8046875,24,39,20260120,20220715,134226103.515625,23780000.0,1141967812.5,11472108750.0,0.0,0.0,9399.999976158142,32887570000.0,21295415000.0,3220869062.5,5700095000.0,13338.0,6634843125.0,1020432968.75,11436615000.0,19314062500.0,11762560000.0,8548756250.0,12213511250.0,1636337968.75,124412998.046875,476800976.5625,1908670000.0,821340000.0,1597432968.75,1426245937.5,1248803046.875,6367376250.0,14.388999938964844,9.0,78557299.8046875,1,2090409747.8027344,2090409747.8027344
0,001231,2298,25.42,25.07,25.07,25.52,25.01,14:59:50.852,14997459,-2542,44676,614,112837328.0,20686,23990,1,6644,25.41,25.42,685,3,25.4,25.43,264,38,25.39,25.44,54,147,25.38,25.45,182,330,25.36,25.46,24,186,"(22,)",0,0,0,0,-0.03,2298,49905000.0,8,28,20260128,20220819,99940000.0,12260000.0,351284609.375,4768384062.5,0.0,0.0,4000.000059604645,14553756250.0,6727356250.0,3200685937.5,399153007.8125,16344.0,3157324062.5,54476000.9765625,5369153125.0,9890765625.0,5500706875.0,3955235937.5,2157727968.75,438162968.75,21788999.0234375,-1122325000.0,-836112968.75,1494155000.0,436693007.8125,364390976.5625,398011015.625,3315030000.0,9.890999794006348,9.0,49905000.0,1,1268585100.0,1268585100.0
0,001233,2493,77.89,77.45,77.73,80.07,76.12,14:59:31.963,14992212,-7789,26926,135,210678976.0,13440,13486,-3,1788,77.88,77.89,1,52,77.8,77.9,3,1,77.72,77.92,4,39,77.69,77.94,2,5,77.68,77.95,38,37,"(2966,)",0,0,0,0,0.0,2493,35385900.87890625,20,7,20251125,20251125,185973300.78125,12290000.0,0.0,0.0,0.0,0.0,24800.000190734863,37051590000.0,22640000000.0,10709257500.0,179370996.09375,65957.0,7239390000.0,0.0,7169443750.0,28355600000.0,16186250000.0,8811190000.0,7877217500.0,5407230625.0,-1403000.030517578,2588367968.75,909592968.75,4685651250.0,5404200000.0,4621523750.0,4621523750.0,19219545000.0,26.57999992370605,9.0,35385900.87890625,1,2756207819.458008,2756207819.458008
0,001234,1002,27.97,27.98,28.1,28.19,27.77,14:59:49.934,14997204,-2797,9228,409,25778198.0,5124,4105,1,1096,27.97,27.99,13,94,27.96,28.0,503,311,27.95,28.01,70,74,27.93,28.02,22,6,27.92,28.05,19,27,"(5782,)",0,0,0,0,0.0,1002,91520498.046875,26,41,20251027,20220111,109413701.171875,12180000.0,650215781.25,6651598750.0,0.0,0.0,3199.9999284744263,11591827500.0,7478561875.0,3066355000.0,258588984.375,18999.0,2418536875.0,0.0,5735357500.0,9130971875.0,6237980000.0,5179585937.5,2238290000.0,377510000.0,35661999.51171875,252003007.8125,-731165000.0,1445854062.5,374088984.375,345435000.0,345435000.0,2115535000.0,8.345000267028809,9.0,91520498.046875,1,2559828330.3710938,2559828330.3710938
