market,code,active1,price,last_close,open,high,low,servertime,reversed_bytes0,reversed_bytes1,vol,cur_vol,amount,s_vol,b_vol,reversed_bytes2,reversed_bytes3,bid1,ask1,bid_vol1,ask_vol1,bid2,ask2,bid_vol2,ask_vol2,bid3,ask3,bid_vol3,ask_vol3,bid4,ask4,bid_vol4,ask_vol4,bid5,ask5,bid_vol5,ask_vol5,reversed_bytes4,reversed_bytes5,reversed_bytes6,reversed_bytes7,reversed_bytes8,reversed_bytes9,active2,liutongguben,province,industry,updated_date,ipo_date,zongguben,guojiagu,faqirenfarengu,farengu,bgu,hgu,zhigonggu,zongzichan,liudongzichan,gudingzichan,wuxingzichan,gudongrenshu,liudongfuzhai,changqifuzhai,zibengongjijin,jingzichan,zhuyingshouru,zhuyinglirun,yingshouzhangkuan,yingyelirun,touzishouyu,jingyingxianjinliu,zongxianjinliu,cunhuo,lirunzonghe,shuihoulirun,jinglirun,weifenpeilirun,meigujingzichan,baoliu2,流通盘,circulating
0,000004,195,9.28,9.77,9.28,9.28,9.28,11:29:54.438,11299073,-928,2687,10,2493536.0,172,2515,0,3183,0.0,9.28,0,176757,0.0,9.29,0,259,0.0,9.3,0,122,0.0,9.31,0,1,0.0,9.32,0,1,"(52,)",0,0,0,0,0.0,195,126287802.734375,18,24,20260204,19901201,132380302.734375,18650000.0,-358267500.0,758943828.125,0.0,0.0,-2000.0000298023224,2605456093.75,1487138906.25,104964003.90625,251696992.1875,15236.0,1705986875.0,72962998.046875,12321915000.0,369476992.1875,510224023.4375,155399003.90625,462230000.0,-242540000.0,602781015.625,-123660996.09375,-173942011.71875,39596999.51171875,-342360000.0,-343110000.0,-270908007.8125,-13410381250.0,0.2790000140666961,9.0,1171950809.375,1171950809.375
0,000007,1361,12.25,11.82,11.87,12.45,11.75,11:29:52.656,11298776,-1225,96858,1,116969872.0,45995,50864,0,19740,12.24,12.25,135,548,12.23,12.26,10,271,12.22,12.27,59,8,12.21,12.28,300,193,12.19,12.29,14,21,"(3700,)",0,0,0,0,0.25,1361,346448007.8125,18,10,20251031,19920413,346448007.8125,20700000.0,31760900.87890625,1542256875.0,0.0,0.0,99.99999776482582,3705430937.5,2598828906.25,435443007.8125,945999.9847412108,12551.0,1599967031.25,144065000.0,1570240937.5,1826725937.5,2998466875.0,2659123125.0,550212031.25,28079001.46484375,1138000.030517578,2837065937.5,-257132011.71875,549862968.75,35642998.046875,24640000.0,34179001.46484375,-3279330937.5,0.5270000100135803,9.0,4243988095.703125,4243988095.703125
0,000010,1425,3.64,3.55,3.54,3.84,3.5,11:29:57.822,11299637,-364,346702,16,126221576.0,125888,220814,0,9006,3.64,3.65,3342,2235,3.63,3.66,1454,3918,3.62,3.67,1766,3161,3.61,3.68,741,2971,3.6,3.69,1979,600,"(53,)",0,0,0,0,-0.26,1425,848033437.5,18,21,20251216,19951027,1149652265.625,14480000.0,-594307617.1875,3538041250.0,0.0,0.0,-299.99999329447746,27194105000.0,21016562500.0,54823999.0234375,17625999.755859375,34767.0,23266005000.0,447741015.625,21103560000.0,3264786875.0,4246812812.5,3909369062.5,15298285000.0,-222531015.625,-7787999.877929687,-411815000.0,-549964023.4375,1034025000.0,-271158007.8125,-305187011.71875,-319038984.375,-28424925000.0,0.2840000092983246,9.0,3086841712.5,3086841712.5
0,000011,1140,9.21,9.06,9.13,9.31,9.09,11:29:54.480,11299080,-921,56580,30,52120212.0,26454,30127,0,7459,9.2,9.21,554,140,9.19,9.22,119,266,9.18,9.23,322,100,9.17,9.24,599,55,9.16,9.25,180,438,"(4916,)",0,0,0,0,-0.1,1140,526475507.8125,18,11,20251030,19920330,595979101.5625,20700000.0,35810200.1953125,13178067500.0,67605200.1953125,0.0,500.0000074505806,153041960000.0,142511010000.0,427474023.4375,3370000.0,37276.0,46318395000.0,-1376573125.0,804880000.0,33937560000.0,17157720000.0,12862247500.0,6030171875.0,360598007.8125,7345000.0,-23751710000.0,3675944062.5,108231440000.0,480114023.4375,260592988.28125,322211015.625,25949710000.0,5.693999767303467,9.0,4848839426.953125,4848839426.953125
0,000014,675,14.53,13.21,14.53,14.53,14.53,11:29:51.288,11298548,-1453,48744,1,70825384.0,40927,7817,0,227180,14.53,0.0,66445,0,14.52,0.0,311,0,14.51,0.0,247,0,14.5,0.0,1063,0,14.49,0.0,27,0,"(1589,)",0,0,0,0,0.0,675,242046191.40625,18,11,20251031,19920602,242046191.40625,20700000.0,468801601.5625,3251224687.5,0.0,0.0,-1299.9999523162842,23184745000.0,19459697500.0,176026992.1875,0.0,26220.0,6582171875.0,515870000.0,99692001.953125,15913248750.0,208587988.28125,163787001.953125,55407001.953125,-406851992.1875,0.0,575149023.4375,539035000.0,13983501250.0,-407065000.0,-324804003.90625,-322223007.8125,10506477500.0,6.574999809265137,9.0,3516931161.1328125,3516931161.1328125
0,000017,1493,7.81,7.71,7.76,7.84,7.74,11:29:55.320,11299220,-781,72480,35,56520852.0,33887,38593,0,2871,7.8,7.81,572,106,7.79,7.82,277,741,7.78,7.83,409,717,7.77,7.84,611,1511,7.76,7.85,853,1740,"(52,)",0,0,0,0,0.0,1493,440821992.1875,18,41,20251106,19920331,689184921.875,12240000.0,74221401.3671875,2794618750.0,248363007.8125,0.0,399.9999910593033,4665168125.0,4549443125.0,27067001.953125,0.0,54235.0,801017031.25,97653007.8125,7977092500.0,3742865000.0,5776741250.0,5217251250.0,2301965000.0,398701015.625,0.0,-550133984.375,-384926015.625,1750640000.0,414643007.8125,313495996.09375,309371992.1875,-11448688750.0,0.5429999828338623,9.0,3442819758.984375,3442819758.984375
0,000019,1410,7.15,7.12,7.18,7.2,7.13,11:29:55.716,11299286,-715,60801,1,43583148.0,31348,29454,0,6828,7.14,7.15,159,1329,7.13,7.16,1389,302,7.12,7.17,1234,140,7.11,7.18,1104,271,7.1,7.19,629,1253,"(6196,)",0,0,0,0,0.14,1410,416216406.25,18,17,20260202,19921012,1152535234.375,15510000.0,2442543437.5,38018845000.0,51749301.7578125,0.0,2099.9999344348907,70118570000.0,40553400000.0,19740806250.0,4393831875.0,43016.0,18876087500.0,16100999.755859377,12719082500.0,49891070000.0,39184755000.0,32557362500.0,1590882031.25,3056041875.0,-20161999.51171875,12651572500.0,320012011.71875,35200365000.0,3065269062.5,2434335000.0,2435265000.0,19486150000.0,4.328999996185303,9.0,2975947304.6875,2975947304.6875
0,000020,1012,15.35,15.3,15.43,15.51,15.24,11:29:50.796,11298466,-1535,26952,21,41540988.0,15068,11884,-2,2639,15.35,15.37,66,5,15.34,15.4,33,24,15.33,15.43,99,88,15.32,15.44,21,138,15.31,15.45,96,335,"(181,)",0,0,0,0,-0.38,1012,181165390.625,18,35,20251025,19920428,283161191.40625,12390000.0,142430498.046875,6062678750.0,101995800.78125,0.0,799.9999821186066,7532313125.0,5082980000.0,1613215000.0,328326992.1875,28401.0,3228700937.5,0.0,1465776875.0,4249259062.5,6829502500.0,5992382500.0,2295464062.5,256423007.8125,5545000.0,-446760000.0,-461106015.625,706965000.0,256537988.28125,212668984.375,212668984.375,-822046015.625,1.5010000467300415,9.0,2780888746.09375,2780888746.09375
0,000037,1241,9.54,9.48,9.48,9.55,9.41,11:29:54.282,11299047,-954,78014,44,74136736.0,38169,39845,0,7044,9.53,9.54,1158,420,9.52,9.55,234,2010,9.51,9.56,112,1068,9.5,9.57,633,565,9.49,9.58,210,872,"(52,)",0,0,0,0,0.1,1241,338908203.125,18,16,20251028,19940701,602762617.1875,13440000.0,-456282304.6875,3710090000.0,263854492.1875,0.0,-299.99999329447746,20115106250.0,9689381875.0,5511498125.0,21145000.0,46770.0,3255406875.0,322728007.8125,3627709062.5,14701151250.0,2789325000.0,2371450000.0,1079611015.625,-101353007.8125,167581015.625,-496660976.5625,-4244192187.5,795377031.25,-116253007.8125,-157152001.953125,-199431992.1875,1666651875.0,2.438999891281128,9.0,3233184257.8124995,3233184257.8124995
0,000055,797,4.05,3.99,4.05,4.08,4.01,11:29:57.576,11299596,-405,54661,1,22183504.0,26780,27881,0,1705,4.05,4.06,884,1205,4.04,4.07,1043,2906,4.03,4.08,1083,3593,4.02,4.09,882,2266,4.01,4.1,2465,2276,"(2805,)",0,0,0,0,-0.48,797,675852265.625,18,21,20251029,19960415,1073874218.75,12330000.0,1497111875.0,32065550000.0,394158789.0625,0.0,99.99999776482582,131273680000.0,57096530000.0,9282328125.0,834833984.375,44847.0,46243140000.0,483281015.625,43578999.0234375,60894575000.0,25593002500.0,21004365000.0,9851680000.0,140420996.09375,-12114000.244140623,-1942609062.5,-4371181875.0,7522772500.0,130710000.0,159116005.859375,158903007.8125,47673890000.0,5.671000003814697,9.0,2737201675.78125,2737201675.78125
0,000056,2380,2.22,2.28,2.31,2.43,2.2,11:29:58.674,11299779,-222,1917420,35,439783648.0,880834,1036586,0,306253,2.21,2.22,4664,13649,2.2,2.23,12655,2332,2.19,2.24,10801,2665,2.18,2.25,11192,7128,2.17,2.26,8982,1224,"(2996,)",0,0,0,0,0.91,2380,903726562.5,18,12,20251025,19960708,1182528203.125,21720000.0,-2615753437.5,5227356250.0,243235000.0,0.0,-20999.999046325684,20958997500.0,6506143125.0,996441015.625,284556015.625,58475.0,40585030000.0,-433733007.8125,16453230000.0,-20867242500.0,33114355000.0,24236710000.0,1260517031.25,-33607130000.0,-2567000.1220703125,1620362968.75,-173339003.90625,759156015.625,-33720940000.0,-24501895000.0,-24443800000.0,-47131430000.0,-1.7649999856948853,9.0,2006272968.7500002,2006272968.7500002
0,000068,812,3.57,3.53,3.56,3.59,3.54,11:29:57.864,11299644,-357,68726,2,24537150.0,33408,35318,0,1150,3.57,3.58,10023,1533,3.56,3.59,1636,8235,3.55,3.6,1250,5135,3.54,3.61,1256,2682,3.53,3.62,1360,1556,"(53,)",0,0,0,0,0.0,812,1006671484.375,18,39,20251030,19970611,1006671484.375,15510000.0,-733717187.5,5918214375.0,0.0,0.0,-1000.0000149011612,40219865000.0,14311812500.0,571526992.1875,1144212968.75,38067.0,17086326250.0,3901280000.0,11886831250.0,6079765000.0,5176196250.0,4781256875.0,4205048750.0,-396598007.8125,-725000.0,2500684062.5,-426075000.0,593673007.8125,-899275000.0,-968298046.875,-1000640000.0,-17450876250.0,0.6039999723434448,9.0,3593817199.21875,3593817199.21875
0,000151,967,13.68,13.61,13.69,13.73,13.62,11:29:51.798,11298633,-1368,26733,7,36599252.0,15533,11200,0,3724,13.67,13.68,66,118,13.66,13.69,220,318,13.65,13.7,72,105,13.64,13.71,87,120,13.63,13.72,141,152,"(1076,)",0,0,0,0,0.07,967,307934707.03125,7,13,20260203,20000906,337370703.125,15510000.0,-1428463750.0,9149068750.0,0.0,0.0,-799.9999821186066,21975712500.0,19033037500.0,741727968.75,265443984.375,26817.0,18864618750.0,-1003874062.5,9930790625.0,3328605000.0,8262118750.0,6859642500.0,2156232031.25,-295691992.1875,274084003.90625,-867405937.5,-541215000.0,1609050937.5,-293066992.1875,-340860000.0,-283750996.09375,-11422436250.0,0.9869999885559082,9.0,4212546792.1875,4212546792.1875
0,000153,924,6.71,6.68,6.71,6.73,6.69,11:29:55.980,11299330,-671,46936,7,31499736.0,26803,20133,0,2520,6.7,6.71,487,480,6.69,6.72,850,2537,6.68,6.73,1049,2152,6.67,6.74,513,1466,6.66,6.75,307,1831,"(52,)",0,0,0,0,0.0,924,458868515.625,24,34,20260110,20000920,464685507.8125,12270000.0,1473028437.5,32614227500.0,0.0,0.0,2199.999988079071,49684010000.0,20919348750.0,11110061250.0,2393592031.25,39078.0,23050822500.0,244270000.0,4581380000.0,21015455000.0,31251460000.0,25781397500.0,11004463750.0,1143336015.625,84765000.0,888135000.0,192407988.28125,5794623750.0,1139499062.5,982150000.0,1002842968.75,10438818125.0,4.521999835968018,9.0,3079007739.84375,3079007739.84375
0,000159,1482,7.05,6.95,7.04,7.09,6.95,11:29:55.776,11299296,-705,143134,10,100714344.0,68100,75034,0,8589,7.04,7.05,892,29,7.03,7.06,238,535,7.02,7.07,527,459,7.01,7.08,892,1809,7.0,7.09,1303,4944,"(52,)",0,0,0,0,0.0,1482,480672890.625,2,5,20260203,20000926,480686015.625,15510000.0,-4520752500.0,24325540000.0,0.0,0.0,399.9999910593033,35973622500.0,17465625000.0,3674735937.5,503702968.75,43685.0,14572730000.0,-2347999.8779296875,2220175000.0,20382235000.0,13022165000.0,11613338750.0,6390658750.0,290379003.90625,0.0,-1577413906.25,1016092968.75,1244207968.75,291404003.90625,200225000.0,201089003.90625,11678711250.0,4.239999771118164,9.0,3388743878.90625,3388743878.90625
0,000404,1101,7.17,7.12,7.18,7.22,7.13,11:29:55.704,11299284,-717,70477,1,50661484.0,32563,37915,0,9291,7.17,7.18,336,1818,7.16,7.19,1236,837,7.15,7.2,1306,1233,7.14,7.21,830,1596,7.13,7.22,1500,3199,"(3253,)",0,0,0,0,0.0,1101,692719609.375,22,23,20251023,19960619,695996015.625,12340000.0,3759364062.5,96869820000.0,0.0,0.0,5500.00011920929,151571590000.0,115506160000.0,15750201250.0,2046110000.0,30044.0,89338320000.0,13812912500.0,15952551250.0,42522180000.0,93490320000.0,80946260000.0,27403372500.0,6103385000.0,699833984.375,4739920000.0,12938211250.0,13725431250.0,6111013750.0,5252245000.0,3798670000.0,18454576250.0,6.109000205993652,9.0,4966799599.21875,4966799599.21875
0,000407,1807,5.1,5.09,5.13,5.19,5.06,11:29:56.946,11299491,-510,265846,367,136112416.0,142573,123273,-1,13194,5.1,5.11,93,21,5.09,5.12,3825,929,5.08,5.13,4292,2106,5.07,5.14,4271,1885,5.06,5.15,3108,3962,"(53,)",0,0,0,0,0.0,1807,875782187.5,15,42,20251028,19960703,880084687.5,13450000.0,1097279296.875,32046335000.0,0.0,0.0,1400.0000059604645,60481505000.0,16044335000.0,19060712500.0,1239694062.5,46665.0,22134275000.0,3276839062.5,9566946250.0,30461427500.0,30422630000.0,25542452500.0,4073240937.5,1908792031.25,296963984.375,-447916015.625,-1866152968.75,4144196250.0,1921075937.5,1512384062.5,1200776953.125,9270017500.0,3.4609999656677246,9.0,4466489156.25,4466489156.25
0,000411,974,12.39,12.27,12.33,12.46,12.3,11:29:52.572,11298762,-1239,36934,2,45667968.0,19419,17516,0,5659,12.39,12.4,681,213,12.38,12.41,237,219,12.37,12.42,360,622,12.36,12.43,990,312,12.35,12.44,1566,299,"(5365,)",0,0,0,0,-0.07,974,367791718.75,28,12,20260204,19960716,564996015.625,15510000.0,3549946562.5,247770580000.0,0.0,0.0,6200.000047683716,173118180000.0,152016240000.0,9918288125.0,2593361875.0,30780.0,113102050000.0,5987425000.0,19923605000.0,47626730000.0,249625020000.0,232850520000.0,79727730000.0,5637313125.0,-9141000.366210938,-11126865000.0,-231103007.8125,43519420000.0,5405990000.0,3809376250.0,3225005000.0,21021440000.0,8.984000205993652,9.0,4556939395.3125,4556939395.3125
0,000419,1026,6.7,6.66,6.68,6.78,6.65,11:29:55.986,11299331,-670,67445,16,45172800.0,34728,32717,0,8103,6.69,6.7,368,18,6.68,6.71,622,1790,6.67,6.72,482,1631,6.66,6.73,416,338,6.65,6.74,843,1055,"(53,)",0,0,0,0,0.15,1026,543582695.3125,21,12,20260115,19960816,543582695.3125,15520000.0,1461816718.75,12834572500.0,0.0,0.0,2300.000041723252,56931980000.0,25169380000.0,6940940625.0,1927214062.5,25729.0,11140572500.0,3254465000.0,4173943125.0,34974000000.0,13563580000.0,10466496250.0,693097031.25,1615265937.5,764592031.25,2976674062.5,1796407968.75,1916800937.5,1643415000.0,1369124062.5,1244138984.375,14403515000.0,6.434000015258789,9.0,3642004058.59375,3642004058.59375
0,000421,1220,7.08,7.08,7.08,7.14,7.07,11:29:55.758,11299293,-708,61764,2,43822888.0,29950,31814,0,984,7.08,7.09,1183,190,7.07,7.1,2053,552,7.06,7.11,1084,1180,7.05,7.12,1080,1174,7.04,7.13,780,1499,"(53,)",0,0,0,0,0.0,1220,574296289.0625,26,42,20251028,19960806,574415703.125,13450000.0,-144157802.734375,36379860000.0,0.0,0.0,2000.0000298023224,105708600000.0,48398695000.0,36912897500.0,1069474062.5,31623.0,55550710000.0,11936232500.0,4081243125.0,28097875000.0,59683190000.0,51473180000.0,3359805000.0,2560211875.0,121943007.8125,15770742500.0,-23207001.953125,21868755000.0,2591796093.75,1877730000.0,1159011015.625,16109748750.0,4.892000198364258,9.0,4066017726.5625,4066017726.5625
0,000428,1456,3.96,3.98,3.96,4.02,3.9,11:29:57.630,11299605,-396,212671,27,83756552.0,128358,84313,1,17947,3.95,3.96,1587,1336,3.94,3.97,5889,4687,3.93,3.98,2418,4113,3.92,3.99,794,2506,3.91,4.0,5823,4244,"(52,)",0,0,0,0,0.51,1456,1018926015.625,21,10,20251029,19960808,1018926015.625,17610000.0,-1115811406.25,4550696250.0,0.0,0.0,-1500.0000596046448,44984410000.0,9729132500.0,19271801250.0,3271310000.0,46075.0,31213297500.0,-5472375000.0,14520462500.0,13937892500.0,3981031875.0,3441878125.0,472371015.625,-2000064062.5,-103377001.953125,227386015.625,46957001.953125,4695887812.5,-1992322031.25,-1954651875.0,-1562063906.25,-12241890000.0,1.368000030517578,9.0,4034947021.875,4034947021.875
0,000430,611,7.33,7.29,7.31,7.37,7.27,11:29:55.608,11299268,-733,37434,1,27427478.0,19125,18309,0,3377,7.33,7.35,865,184,7.32,7.36,1124,156,7.31,7.37,264,590,7.3,7.38,668,1227,7.29,7.39,1503,1219,"(501,)",0,0,0,0,-0.26,611,370556484.375,21,10,20251226,19960829,809635390.625,23780000.0,-647250507.8125,3102056875.0,0.0,0.0,-599.9999865889549,20991755000.0,1186190000.0,8871136875.0,4541523125.0,19698.0,8568122500.0,0.0,8522395000.0,2677614062.5,3365975000.0,2735040937.5,81823999.0234375,-132520000.0,22868999.0234375,418876992.1875,59000000.0,37773999.0234375,-133357998.046875,-223963984.375,-223963984.375,-10515551250.0,0.6610000133514404,9.0,2716179030.46875,2716179030.46875
0,000488,327,2.11,2.1,2.11,2.12,2.1,11:29:58.740,11299790,-211,53448,3,11290455.0,38288,15160,0,3644,2.11,2.12,16914,36130,2.1,2.13,23450,29607,2.09,2.14,9503,6976,2.08,2.15,5399,6526,2.07,2.16,3419,3893,"(53,)",0,0,0,0,0.0,327,1681387343.75,15,38,20251031,20001120,2941456250.0,12220000.0,-7100985000.0,198247460000.0,706385234.375,528305195.3125,-20499.99952316284,528549760000.0,85279520000.0,297749800000.0,16165218750.0,109647.0,400892040000.0,21475597500.0,52412795000.0,31968895000.0,33478605000.0,54326125000.0,8824521250.0,-65228440000.0,-7154050000.0,7025893125.0,-405815000.0,26830045000.0,-65493170000.0,-64365090000.0,-60078160000.0,-53999990000.0,1.087000012397766,9.0,3547727295.3125,3547727295.3125
0,000504,272,8.88,8.76,8.83,8.9,8.71,11:29:54.678,11299113,-888,18589,1,16409806.0,7381,11208,0,247,8.87,8.88,72,107,8.86,8.89,533,110,8.85,8.9,633,247,8.84,8.91,100,184,8.83,8.92,182,224,"(52,)",0,0,0,0,-0.21,272,329117890.625,21,34,20251027,19921208,330023085.9375,22750000.0,-84107597.65625,924170625.0,0.0,0.0,199.99999552965164,8419559375.0,5174368125.0,1484317031.25,623653984.375,12189.0,3643578750.0,1203283984.375,4234728125.0,2423275000.0,834383984.375,305173007.8125,1382132968.75,-24811000.9765625,53103002.9296875,173248007.8125,-447125000.0,462548007.8125,-31110000.0,-31495000.0,52322998.046875,-5457141250.0,0.734000027179718,9.0,2922566868.7500005,2922566868.7500005
0,000505,1264,7.2,7.17,7.18,7.34,7.18,11:29:55.686,11299281,-720,95602,1,69323840.0,51934,43668,0,5715,7.19,7.2,359,341,7.18,7.21,1589,581,7.17,7.22,1099,159,7.16,7.23,1333,705,7.15,7.24,1020,603,"(52,)",0,0,0,0,0.28,1264,632380390.625,30,14,20260105,19921221,726950234.375,12130000.0,278544296.875,94933670000.0,64975000.0,0.0,-700.0000029802322,84974840000.0,64703845000.0,8351063125.0,3744364062.5,57700.0,38193735000.0,3401301875.0,16836737500.0,30783515000.0,62115240000.0,59029200000.0,976221953.125,-528590000.0,44873002.9296875,1490879062.5,5031657812.5,33017137500.0,-679746015.625,-787287031.25,-515016015.625,5288969375.0,4.235000133514404,9.0,4553138812.5,4553138812.5
0,000507,806,5.47,5.44,5.47,5.51,5.45,11:29:56.724,11299454,-547,62999,3,34541292.0,31724,31275,0,3490,5.46,5.47,1777,444,5.45,5.48,1696,1460,5.44,5.49,1869,1415,5.43,5.5,1238,4727,5.42,5.51,1820,5193,"(52,)",0,0,0,0,0.18,806,902354531.25,12,16,20260202,19930326,919734921.875,16550000.0,2387892187.5,40335870000.0,0.0,0.0,2500.0,202266560000.0,57418140000.0,69174775000.0,13909947500.0,66552.0,43900485000.0,29694100000.0,13712315000.0,62724800000.0,32439140000.0,23354847500.0,13021222500.0,5420471250.0,1528277968.75,6926250000.0,-12811961250.0,2749243125.0,5137523125.0,3937955937.5,2483917031.25,25570240000.0,5.951000213623047,9.0,4935879285.9375,4935879285.9375
0,000509,953,3.53,3.46,3.48,3.55,3.48,11:29:57.888,11299648,-353,108569,14,38191152.0,32648,75921,0,1531,3.53,3.54,733,1279,3.52,3.55,1615,8747,3.51,3.56,2682,2361,3.5,3.57,750,2837,3.49,3.58,882,2826,"(53,)",0,0,0,0,0.0,953,1073124765.625,23,35,20260122,19930507,1073127968.75,12390000.0,-123317099.609375,7154946875.0,0.0,0.0,-99.99999776482582,8714050625.0,6069130625.0,1357792031.25,311953007.8125,35000.0,4535873125.0,809075937.5,2507822031.25,1242707031.25,5884425000.0,5588291250.0,1844973125.0,-87219003.90625,0.0,-16149000.244140623,-146022998.046875,1685170000.0,-86327001.953125,-92207001.953125,-98557998.046875,-12156351250.0,0.1159999966621398,9.0,3788130422.65625,3788130422.65625
0,000514,1099,5.22,5.17,5.19,5.31,5.18,11:29:56.874,11299479,-522,127945,1,67214696.0,52502,75443,0,1759,5.22,5.23,2413,142,5.21,5.24,859,1128,5.2,5.25,1730,782,5.19,5.26,988,541,5.18,5.27,428,1560,"(2229,)",0,0,0,0,-0.18,1099,843770937.5,25,11,20260119,19930712,843770937.5,20700000.0,-455557812.5,2950316250.0,0.0,0.0,1899.999976158142,72499295000.0,39454885000.0,5755298750.0,996840000.0,50739.0,24339522500.0,2779458125.0,11977821250.0,37923340000.0,1982080000.0,1626945937.5,2423042968.75,1819432031.25,2457876875.0,604072031.25,-28726000.9765625,27342627500.0,1895022031.25,1592417968.75,1613361093.75,15454873750.0,4.494999885559082,9.0,4404484293.75,4404484293.75
0,000518,251,2.6,2.61,2.62,2.64,2.6,11:29:58.446,11299741,-260,46121,13,12074228.0,25872,20249,0,893,2.6,2.61,5067,1425,2.59,2.62,1300,2933,2.58,2.63,2023,1594,2.57,2.64,979,3741,2.56,2.65,1070,2869,"(53,)",0,0,0,0,-0.37,251,1029535703.125,26,34,20260204,19930908,1029556328.125,12270000.0,-146171601.5625,1559943437.5,0.0,0.0,-99.99999776482582,5091444062.5,3968364062.5,486351992.1875,102902001.953125,59387.0,892163984.375,264620000.0,355726992.1875,3590159062.5,2943740937.5,1948471093.75,742903984.375,-131306005.859375,15474000.244140623,839712031.25,681520000.0,2222590937.5,-140775000.0,-134955000.0,-126972998.046875,-7445830000.0,0.3490000069141388,9.0,2676792828.125,2676792828.125
0,000520,1002,4.47,4.43,4.43,4.52,4.43,11:29:57.324,11299554,-447,122226,7,54637296.0,66752,55474,0,6056,4.45,4.47,2343,1375,4.44,4.48,4039,1747,4.43,4.49,1452,1834,4.42,4.5,415,3675,4.41,4.51,674,4043,"(52,)",0,0,0,0,0.22,1002,1012083437.5,19,8,20260202,19931025,1012083437.5,16550000.0,-220828808.59375,7554985000.0,0.0,0.0,-599.9999865889549,6312420000.0,3285734062.5,2813350937.5,0.0,71642.0,1990855000.0,0.0,19600945000.0,4027560937.5,5485069375.0,5161455000.0,866736015.625,-555248007.8125,0.0,-46137998.046875,761153984.375,101790000.0,-555385976.5625,-556171015.625,-556171015.625,-28177977500.0,0.3980000019073486,9.0,4524012965.625,4524012965.625
0,000526,612,38.52,38.4,38.68,38.69,38.33,11:29:36.894,11296149,-3852,5721,6,22016782.0,3243,2478,1,4293,38.51,38.52,14,2,38.5,38.53,67,12,38.49,38.54,5,16,38.48,38.55,33,99,38.47,38.57,16,1,"(52,)",0,0,0,0,0.1,612,119459501.953125,20,18,20251105,19931101,121861103.515625,25830000.0,1757280000.0,22468170000.0,0.0,0.0,19500.00047683716,42322980000.0,15716176250.0,1927821093.75,78358002.9296875,16988.0,27625010000.0,-276324003.90625,9569590625.0,9972450000.0,26129512500.0,17281623750.0,111062998.046875,2885261875.0,136429003.90625,7617811250.0,-904396953.125,233398007.8125,2847046250.0,2266232031.25,2311136875.0,219426992.1875,8.184000015258789,9.0,4601580015.234375,4601580015.234375
0,000529,818,6.25,6.22,6.29,6.29,6.23,11:29:56.256,11299376,-625,38997,3,24423988.0,19036,19961,0,11637,6.25,6.26,198,972,6.24,6.27,706,1026,6.23,6.28,875,1292,6.22,6.29,1092,1595,6.21,6.3,882,2480,"(2613,)",0,0,0,0,0.0,818,569884414.0625,12,14,20251029,19931118,583790312.5,12130000.0,850940703.125,18820298750.0,0.0,0.0,1199.99997317791,68169220000.0,27629350000.0,9594186250.0,2192811875.0,34215.0,18487120000.0,457473007.8125,4182455937.5,31694487500.0,16886547500.0,16074051250.0,460062031.25,722822031.25,578685000.0,-1419725000.0,-700045000.0,2821277812.5,806883984.375,681895000.0,671488984.375,14796442500.0,5.428999900817871,9.0,3561777587.890625,3561777587.890625
0,000530,1390,7.05,6.91,6.98,7.08,6.95,11:29:55.776,11299296,-705,105221,16,74031056.0,53018,52203,0,3211,7.04,7.05,856,5419,7.03,7.06,1741,2481,7.02,7.07,1879,3007,7.01,7.08,979,5009,7.0,7.09,865,2737,"(52,)",0,0,0,0,0.0,1390,600041406.25,5,26,20260205,19931208,843212500.0,12340000.0,945746718.75,37145762500.0,241500000.0,0.0,1099.9999940395355,75662125000.0,50749605000.0,11646420000.0,1966697031.25,63655.0,37455812500.0,587391992.1875,7170971250.0,31822810000.0,36130587500.0,30193275000.0,18624140000.0,1012435000.0,282216992.1875,-152192001.953125,-3310064062.5,12696222500.0,1065137031.25,934657968.75,902930937.5,7068865625.0,3.7739999294281006,9.0,4230291914.0625,4230291914.0625
0,000545,1476,2.99,2.95,3.02,3.09,2.97,11:29:58.212,11299702,-299,372641,90,113465024.0,215535,157106,-1,25960,2.99,3.0,5366,3278,2.98,3.01,1747,2794,2.97,3.02,2199,3809,2.96,3.03,2462,6739,2.95,3.04,1041,3660,"(53,)",0,0,0,0,0.0,1476,985403125.0,3,19,20260205,19931215,986833125.0,12260000.0,-547296992.1875,16243943750.0,0.0,0.0,-2399.99994635582,24774455000.0,6222388125.0,10506870000.0,674443984.375,70505.0,13009972500.0,2493764062.5,-2061265000.0,9121206250.0,12397576250.0,12700465000.0,1384382968.75,-2632765937.5,-298115996.09375,-851060000.0,-896232968.75,1200121015.625,-2630490000.0,-2332182031.25,-2326525937.5,1252735000.0,0.9240000247955322,9.0,2946355343.75,2946355343.75
0,000546,1401,5.8,5.79,5.85,5.89,5.8,11:29:56.526,11299421,-580,122709,1,71551000.0,66337,56372,0,2475,5.8,5.81,2706,448,5.79,5.82,1580,1359,5.78,5.83,880,490,5.77,5.84,1059,1396,5.76,5.85,361,2391,"(53,)",0,0,0,0,0.0,1401,696705234.375,3,39,20251028,19931215,777648281.25,12420000.0,1163856171.875,44914240000.0,0.0,0.0,-1299.9999523162842,55654000000.0,19525501250.0,12432211250.0,14987955000.0,51348.0,10269609375.0,4175870000.0,19696035000.0,40584660000.0,67448260000.0,69793050000.0,988050937.5,-1230616015.625,140814003.90625,-850350000.0,759800937.5,10884017500.0,-1238291015.625,-1281442968.75,-1018487968.75,10913285000.0,5.218999862670898,9.0,4040890359.375,4040890359.375
0,000548,1042,5.82,5.81,5.86,5.89,5.81,11:29:56.514,11299419,-582,53147,7,31051256.0,25719,27428,0,3850,5.82,5.83,671,819,5.81,5.84,642,488,5.8,5.85,968,1749,5.79,5.86,306,1324,5.78,5.87,327,3906,"(117,)",0,0,0,0,0.0,1042,499173984.375,21,6,20260202,19931220,499215781.25,16540000.0,917972265.625,5142118125.0,0.0,0.0,1099.9999940395355,24637172500.0,13404381250.0,3326273125.0,1319079062.5,41964.0,3232470000.0,0.0,4782680000.0,20679706250.0,3784762187.5,2084720000.0,299374003.90625,827419062.5,4441000.061035156,-331911015.625,-1358236093.75,5318951875.0,812761015.625,563706992.1875,563706992.1875,9164661250.0,4.142000198364258,9.0,2905192589.0625,2905192589.0625
0,000554,1949,8.16,8.26,8.22,8.3,8.13,11:29:55.110,11299185,-816,264587,67,216765424.0,142802,121786,0,55945,8.16,8.17,212,847,8.15,8.18,1777,388,8.14,8.19,2262,381,8.13,8.2,2382,413,8.12,8.21,716,431,"(4661,)",0,0,0,0,-0.11,1949,362653203.125,15,5,20260202,19931215,480793281.25,15510000.0,533125898.4375,25371475000.0,0.0,0.0,2399.99994635582,18042937500.0,8610190000.0,4220953125.0,2323638125.0,59707.0,4936037187.5,47181000.9765625,1872127968.75,11583751250.0,23951855000.0,20021098750.0,52581000.9765625,1742842031.25,0.0,1606265000.0,624695000.0,4128542187.5,1675125000.0,1136691015.625,1131917968.75,3483962187.5,2.4089999198913574,9.0,2959250137.5,2959250137.5
0,000565,1791,8.56,8.33,8.45,8.77,8.4,11:29:54.870,11299145,-856,220465,1,189602400.0,100092,120374,0,14576,8.56,8.57,174,878,8.55,8.58,453,65,8.54,8.59,851,170,8.53,8.6,232,803,8.52,8.61,322,655,"(3445,)",0,0,0,0,0.0,1791,433592187.5,25,19,20251029,19940408,433592187.5,12260000.0,150343701.171875,2679941250.0,0.0,0.0,399.9999910593033,16477981250.0,5202198125.0,2339835937.5,512360976.5625,53475.0,1722849062.5,297757011.71875,581571015.625,12467586250.0,2869513125.0,2133725000.0,1485765000.0,165675996.09375,420891992.1875,-377543984.375,-133007998.046875,891903046.875,164234003.90625,158181005.859375,164915000.0,6032688125.0,2.875,9.0,3711549125.0,3711549125.0
0,000570,1103,6.09,5.94,5.99,6.14,5.99,11:29:56.352,11299392,-609,98627,2,59951356.0,45652,52975,0,5445,6.08,6.09,87,2644,6.07,6.1,1300,2761,6.06,6.11,1274,1755,6.05,6.12,932,1659,6.04,6.13,261,1661,"(1140,)",0,0,0,0,0.16,1103,555692500.0,26,26,20260123,19940701,705692500.0,12340000.0,463574414.0625,19579668750.0,150000000.0,0.0,599.9999865889549,53049530000.0,31883220000.0,5633566250.0,1382122031.25,44754.0,15175587500.0,812705000.0,6405096250.0,34368485000.0,20623801250.0,18330623750.0,12977511250.0,629937968.75,89907998.046875,-2149157031.25,-1950152968.75,5196850000.0,630576992.1875,505064023.4375,444887968.75,10210599375.0,4.869999885559082,9.0,3384167325.0,3384167325.0
0,000573,1342,4.43,4.33,4.37,4.47,4.35,11:29:57.348,11299558,-443,145185,146,64231752.0,63247,81938,0,6302,4.42,4.43,3595,824,4.41,4.44,2298,1905,4.4,4.45,4020,5631,4.39,4.46,1965,3341,4.38,4.47,967,7083,"(52,)",0,0,0,0,0.0,1342,632964804.6875,12,11,20251030,19940815,638280585.9375,12420000.0,-387613203.125,4168259375.0,0.0,0.0,1199.99997317791,21433720000.0,16100826250.0,446773007.8125,101984003.90625,44425.0,2523328906.25,-29695998.53515625,5593976875.0,16451101250.0,3619870000.0,3390692187.5,236121992.1875,836692968.75,1255430000.0,-483058984.375,-86750000.0,9535724375.0,844387031.25,734338984.375,741897968.75,1911257968.75,2.57699990272522,9.0,2804034084.765625,2804034084.765625
0,000576,1372,10.81,10.63,10.71,10.9,10.63,11:29:53.520,11298920,-1081,55655,2,59925212.0,26340,29315,0,3224,10.81,10.82,87,121,10.8,10.83,609,76,10.79,10.84,162,282,10.78,10.85,204,482,10.77,10.86,66,1190,"(117,)",0,0,0,0,-0.17,1372,433815312.5,12,29,20251025,19940907,436418203.125,12390000.0,200283808.59375,2783806562.5,0.0,0.0,1800.0000715255735,22607022500.0,10497832500.0,1083208984.375,262193984.375,37910.0,3087855937.5,598833007.8125,6696043750.0,16513701250.0,3611437812.5,1967300937.5,4618062187.5,736362031.25,433380000.0,113981992.1875,-84582001.953125,2612389062.5,1045562968.75,795052031.25,775312968.75,4405407812.5,3.783999919891357,9.0,4689543528.125,4689543528.125
0,000586,1677,15.13,14.61,15.0,15.27,14.7,11:29:50.928,11298488,-1513,77205,4,116110440.0,32508,44697,0,11745,15.12,15.13,15,28,15.11,15.14,133,35,15.1,15.16,135,155,15.09,15.17,24,31,15.08,15.18,122,18,"(693,)",0,0,0,0,-0.25,1677,193440000.0,23,24,20251024,19951220,193440000.0,12380000.0,-26115600.5859375,2768641562.5,0.0,0.0,799.9999821186066,6128813125.0,5157693125.0,556978984.375,146450996.09375,16420.0,2573492968.75,66653002.9296875,647158007.8125,3386387812.5,3609573750.0,2386682031.25,2868556875.0,191600000.0,0.0,136431005.859375,90807001.953125,850400937.5,189880000.0,153715000.0,147633994.140625,626562968.75,1.7510000467300415,9.0,2926747200.0,2926747200.0
0,000590,1412,12.32,11.76,11.87,12.42,11.87,11:29:52.614,11298769,-1232,93151,9,113894640.0,31128,62023,0,16642,12.32,12.33,1,143,12.31,12.34,38,51,12.3,12.35,57,40,12.29,12.36,80,89,12.28,12.37,80,110,"(52,)",0,0,0,0,-0.07,1412,239371406.25,21,34,20251223,19960119,239471308.59375,12270000.0,-284544707.03125,2162311875.0,0.0,0.0,-599.9999865889549,9455893125.0,4312295000.0,2845903750.0,1261262968.75,17617.0,1624625000.0,24270000.0,4740643125.0,5834255000.0,2248157031.25,1198992031.25,32345000.0,-123868007.8125,922999.9542236328,331316992.1875,-195907988.28125,1149050937.5,-127360996.09375,-150629003.90625,-148206005.859375,-1760085000.0,2.436000108718872,9.0,2949055725.0,2949055725.0
0,000605,992,7.25,7.2,7.26,7.29,7.22,11:29:55.656,11299276,-725,23627,11,17159188.0,10331,13296,0,3652,7.25,7.26,1139,1084,7.24,7.27,206,252,7.23,7.28,202,866,7.22,7.29,158,1502,7.21,7.3,781,1930,"(53,)",0,0,0,0,0.0,992,352658593.75,7,42,20251028,19960913,352658593.75,13460000.0,120922197.265625,12028471250.0,0.0,0.0,399.9999910593033,78877555000.0,21857105000.0,21960642500.0,6841390000.0,23196.0,30021340000.0,5443911250.0,10891757500.0,21304867500.0,11354967500.0,8815550000.0,10291092500.0,286913984.375,261716992.1875,262385000.0,-1768050937.5,785486015.625,278045996.09375,166018984.375,132015000.0,6154301250.0,6.040999889373779,9.0,2556774804.6875,2556774804.6875
0,000607,2017,5.31,5.09,5.21,5.43,5.06,11:29:56.820,11299470,-531,434671,144,226073056.0,197372,237300,0,29624,5.31,5.32,1708,336,5.3,5.33,2223,1164,5.29,5.34,543,212,5.28,5.35,447,636,5.27,5.36,219,399,"(5045,)",0,0,0,0,1.34,2017,885033437.5,28,18,20251031,19960830,1017698437.5,21720000.0,111749003.90625,10665565000.0,0.0,0.0,-599.9999865889549,35278580000.0,15166860000.0,1871952968.75,636549023.4375,45378.0,8931718750.0,2320285000.0,-1913076875.0,15501470000.0,8150077500.0,6933945000.0,2679335937.5,-682853984.375,337315976.5625,-1527205000.0,-843235000.0,284809003.90625,-678265000.0,-692838984.375,-580681015.625,7295381875.0,1.5230000019073486,9.0,4699527553.125,4699527553.125
0,000608,795,3.57,3.56,3.61,3.66,3.5,11:29:57.864,11299644,-357,169588,2,60781932.0,86193,83396,0,20570,3.56,3.57,657,148,3.55,3.58,955,1093,3.54,3.59,2055,521,3.53,3.6,752,1416,3.52,3.61,3454,583,"(5236,)",0,0,0,0,0.0,795,744537031.25,10,11,20251031,19960919,749913281.25,20700000.0,-201041191.40625,2393968750.0,0.0,0.0,-1000.0000149011612,46856265000.0,1056907031.25,421295000.0,17141000.9765625,23825.0,6450121250.0,4859705000.0,5358661875.0,22276555000.0,2516325000.0,1688618906.25,173732988.28125,-496516015.625,-83760000.0,1451032968.75,-3190000.0,0.0,-481152968.75,-663258984.375,-720582968.75,6847711250.0,2.970999956130981,9.0,2657997201.5625,2657997201.5625
0,000609,134,8.64,8.23,8.64,8.64,8.64,11:29:54.822,11299137,-864,1835,1,1585448.625,1375,460,0,7957,8.64,0.0,103220,0,8.63,0.0,268,0,8.62,0.0,425,0,8.61,0.0,133,0,8.6,0.0,412,0,"(117,)",0,0,0,0,0.0,134,291058300.78125,7,11,20251024,19961010,299265507.8125,28910000.0,-1065178437.5,2844256875.0,0.0,0.0,-5099.999904632568,19199115000.0,17691142500.0,12029000.244140623,0.0,13367.0,17923261250.0,-31999.998092651367,460324023.4375,-85167998.046875,1347122031.25,1346198125.0,0.0,-1302101953.125,31267998.046875,192654003.90625,13997999.267578123,16374248750.0,-1510694062.5,-1513482968.75,-1513450937.5,-4936487187.5,-0.0289999991655349,9.0,2514743718.75,2514743718.75
0,000610,1841,10.59,10.33,10.49,10.64,10.35,11:29:53.652,11298942,-1059,112007,4,117893048.0,49087,62921,0,37082,10.58,10.59,133,55,10.57,10.6,103,396,10.56,10.61,773,2055,10.55,10.62,515,731,10.54,10.63,217,1221,"(4532,)",0,0,0,0,0.09,1841,235504296.875,8,10,20251025,19960926,236747890.625,21720000.0,-868401406.25,4351973437.5,0.0,0.0,-3400.000035762787,19589576250.0,6457196875.0,4487600000.0,545490000.0,60022.0,10988740000.0,-299933007.8125,3982071875.0,1563417031.25,3797310000.0,3670243125.0,518950000.0,-885046015.625,6926999.51171875,155345996.09375,-550256015.625,3682167187.5,-885261015.625,-885471953.125,-803407968.75,-5280786250.0,0.6600000262260437,9.0,2493990503.90625,2493990503.90625
0,000615,263,3.11,3.1,3.12,3.13,3.09,11:29:58.140,11299690,-311,30864,3,9605382.0,16822,14043,0,1685,3.11,3.12,2017,3869,3.1,3.13,5505,4901,3.09,3.14,3745,1746,3.08,3.15,1767,945,3.07,3.16,1962,1353,"(5173,)",0,0,0,0,0.0,263,925316406.25,19,9,20260206,19961016,1787492656.25,26840000.0,-827122734.375,7943307500.0,0.0,0.0,-1599.9999642372131,27372000000.0,5027640000.0,9048590000.0,2036500000.0,35007.0,13728781250.0,1786856093.75,8140440625.0,-2532326875.0,7218300625.0,5690596250.0,567253984.375,-1371602968.75,9276999.51171875,102642001.953125,-199024003.90625,1320961093.75,-1412929062.5,-1485740937.5,-1238592968.75,-18712745000.0,-0.3319999873638153,9.0,2877734023.4375,2877734023.4375
0,000619,1012,6.63,6.56,6.64,6.68,6.6,11:29:56.028,11299338,-663,38764,3,25773918.0,19950,18814,1,1687,6.62,6.63,288,207,6.61,6.64,314,875,6.6,6.65,778,93,6.59,6.66,402,760,6.58,6.67,98,1513,"(52,)",0,0,0,0,0.15,1012,360000000.0,24,21,20251029,19961023,441168789.0625,12290000.0,-264124609.375,40876247500.0,0.0,0.0,-900.0000357627869,53623230000.0,31845960000.0,16498320000.0,3759985000.0,26369.0,20951223750.0,4019839062.5,8580446250.0,25502205000.0,36553747500.0,33331900000.0,10583921250.0,-329360000.0,27317998.046875,1733332031.25,371460000.0,9575175000.0,-320984003.90625,-367381015.625,-383481015.625,9950968125.0,5.781000137329102,9.0,2386800000.0,2386800000.0
0,000626,852,7.75,7.74,7.81,7.83,7.74,11:29:55.356,11299226,-775,26197,13,20363324.0,14497,11700,1,2046,7.74,7.75,1336,152,7.73,7.76,259,1025,7.72,7.77,343,972,7.71,7.78,540,292,7.7,7.79,321,213,"(52,)",0,0,0,0,0.13,852,503716484.375,26,13,20251027,19961128,506626914.0625,15510000.0,-760738203.125,666028720000.0,0.0,0.0,599.9999865889549,84251170000.0,70833560000.0,4191601875.0,1166690000.0,22483.0,54422830000.0,2434477968.75,13182611250.0,23759547500.0,634836840000.0,632456760000.0,12269910000.0,712163984.375,2135000937.5,-4645909062.5,-1755871093.75,10092249375.0,808991015.625,467078984.375,321810000.0,5134396875.0,4.690000057220459,9.0,3903802753.90625,3903802753.90625
0,000632,1594,5.2,5.07,5.12,5.25,5.1,11:29:56.886,11299481,-520,177945,4,92549696.0,78101,99844,0,9098,5.2,5.21,608,1908,5.19,5.22,1471,3111,5.18,5.23,2132,7097,5.17,5.24,1039,4951,5.16,5.25,672,9633,"(53,)",0,0,0,0,0.0,1594,465481601.5625,20,25,20260202,19961121,465519609.375,15510000.0,-911607812.5,94326560000.0,0.0,0.0,-2899.9999165534973,83287150000.0,48583870000.0,4683150000.0,6860999.755859375,62130.0,49486040000.0,4325865000.0,0.0,8804840000.0,46089795000.0,44641810000.0,1229110000.0,-1153003984.375,-46148999.0234375,-21848000.48828125,-1060667031.25,26751050000.0,-1347344062.5,-1420934062.5,-1366492968.75,-6619003125.0,1.8910000324249268,9.0,2420504328.125,2420504328.125
0,000633,1361,7.63,7.63,7.74,7.75,7.62,11:29:55.428,11299238,-763,79404,12,60932216.0,43266,36138,0,4690,7.63,7.64,911,31,7.62,7.65,1467,174,7.61,7.66,556,85,7.6,7.67,876,317,7.59,7.68,886,370,"(53,)",0,0,0,0,-0.25,1361,385103515.625,2,36,20251021,19961112,385106406.25,12320000.0,32276999.51171875,1486392031.25,0.0,0.0,199.99999552965164,3114000000.0,1869920000.0,1105938984.375,123320996.09375,25485.0,514028984.375,124097998.046875,478701992.1875,1964865000.0,2298071093.75,1964900937.5,616087968.75,99837998.046875,0.0,170645996.09375,-174117011.71875,843944062.5,101492001.953125,88980996.09375,72581000.9765625,-2980695000.0,0.5099999904632568,9.0,2938339824.21875,2938339824.21875
0,000635,872,10.17,10.17,10.22,10.3,10.14,11:29:53.904,11298984,-1017,28548,1,29170944.0,16306,12242,0,501,10.17,10.18,58,52,10.16,10.19,379,78,10.15,10.2,625,20,10.14,10.22,76,60,10.13,10.23,107,113,"(757,)",0,0,0,0,0.0,872,303087597.65625,14,19,20260203,19961120,394133593.75,12260000.0,-2579159062.5,13759887500.0,0.0,0.0,-7900.000214576721,29931522500.0,7968965625.0,19440615000.0,604281992.1875,20348.0,12829900000.0,0.0,24680805000.0,15433193750.0,12800352500.0,14251660000.0,435480000.0,-2443189062.5,1031000.0610351562,-3055826875.0,4333207812.5,945369062.5,-2407000000.0,-2474253906.25,-2474253906.25,-14513476250.0,3.9159998893737793,9.0,3082400868.1640625,3082400868.1640625
0,000637,1042,4.75,4.78,4.81,4.84,4.75,11:29:57.156,11299526,-475,65297,119,31212900.0,39666,25631,0,2799,4.75,4.76,57,75,4.74,4.77,271,18,4.73,4.78,431,202,4.72,4.79,562,1171,4.71,4.8,350,2138,"(53,)",0,0,0,0,0.0,1042,364585000.0,12,5,20260203,19961114,519875390.625,12260000.0,-1145084687.5,28524952500.0,0.0,0.0,-1800.0000715255735,20972265000.0,6254155000.0,6948452500.0,1161746015.625,25740.0,10075196875.0,1027262031.25,151295000.0,5548320000.0,23036162500.0,22456880000.0,535021015.625,-1169998046.875,24288999.0234375,-453506015.625,123935000.0,1461582031.25,-976974062.5,-1047017031.25,-937305000.0,-2115400000.0,1.0670000314712524,9.0,1731778750.0,1731778750.0
0,000638,211,1.81,1.9,1.81,1.81,1.81,11:29:58.920,11299820,-181,2734,8,494854.0,474,2260,0,1716,0.0,1.81,0,331624,0.0,1.82,0,738,0.0,1.83,0,757,0.0,1.84,0,66,0.0,1.85,0,312,"(52,)",0,0,0,0,0.0,211,310145605.46875,3,24,20251031,19961126,311386503.90625,10050000.0,132947802.734375,1094208125.0,0.0,0.0,-299.99999329447746,2657352812.5,1275137968.75,418448007.8125,229637011.71875,21510.0,1244838984.375,-30818999.0234375,1428745000.0,1394926875.0,1755411875.0,1669984062.5,344935000.0,-115000000.0,-5750000.0,-136818007.8125,-261107011.71875,291634003.90625,-113607998.046875,-114142001.953125,-85932998.046875,-2861856875.0,0.4480000138282776,9.0,561363545.8984375,561363545.8984375
0,000639,1391,2.97,2.93,2.99,2.99,2.94,11:29:58.224,11299704,-297,197397,4,58451772.0,84381,113016,0,15195,2.96,2.97,1850,9892,2.95,2.98,8588,10313,2.94,2.99,11598,11511,2.93,3.0,5349,8136,2.92,3.01,4033,4312,"(1204,)",0,0,0,0,0.34,1391,1079426796.875,15,14,20251025,19961126,1079428125.0,12130000.0,625884414.0625,38138462500.0,0.0,0.0,0.0,60769210000.0,29316300000.0,6002623125.0,19965710000.0,46937.0,23059912500.0,4241903750.0,16040918750.0,29041070000.0,35072162500.0,27342527500.0,3450626250.0,72065996.09375,46342001.953125,1614137031.25,-106942001.953125,5837793125.0,-22482001.953125,-44842998.046875,22218999.0234375,-600612031.25,2.690000057220459,9.0,3205897586.71875,3205897586.71875
0,000663,1268,8.07,7.98,8.08,8.08,7.93,11:29:55.164,11299194,-807,92235,4,73948832.0,43449,48786,1,9373,8.06,8.07,407,637,8.05,8.08,112,1386,8.04,8.09,304,758,8.03,8.1,86,863,8.02,8.11,109,178,"(116,)",0,0,0,0,0.0,1268,306301191.40625,20,17,20260202,19961206,336683906.25,10020000.0,-391175507.8125,2211754062.5,0.0,0.0,-599.9999865889549,14700356250.0,7556031250.0,740688984.375,885475000.0,23705.0,4285246250.0,303282011.71875,16087590000.0,10016168125.0,2160546093.75,1939901875.0,91187998.046875,-231576992.1875,11433999.0234375,-119006992.1875,-633275976.5625,4420648125.0,-208778007.8125,-200835996.09375,-197740996.09375,-9177878125.0,2.9749999046325684,9.0,2471850614.6484375,2471850614.6484375
0,000668,354,14.08,13.94,13.8,14.26,13.78,11:29:51.558,11298593,-1408,13669,4,19192456.0,6083,7586,0,2594,14.08,14.12,6,1,14.05,14.13,35,48,14.03,14.14,3,55,14.0,14.15,23,37,13.98,14.16,20,200,"(52,)",0,0,0,0,-0.2,354,146841904.296875,15,11,20260204,19961210,146841904.296875,20700000.0,-343300781.25,387380390.625,0.0,0.0,-1899.999976158142,12838371250.0,5843795000.0,11155999.755859377,720000.0,4536.0,4196735937.5,92030000.0,898896953.125,7063688125.0,1849923125.0,1808518906.25,689167031.25,-323054003.90625,0.0,-187010000.0,-434893007.8125,4750803125.0,-339803007.8125,-277766992.1875,-274040000.0,3571830937.5,4.809999942779541,9.0,2067534012.5,2067534012.5
0,000669,366,3.11,3.08,3.09,3.14,3.06,11:29:58.140,11299690,-311,63955,1,19868956.0,24863,39092,0,871,3.11,3.12,1663,1453,3.1,3.13,2217,3154,3.09,3.14,2024,4157,3.08,3.15,1463,8016,3.07,3.16,710,1911,"(437,)",0,0,0,0,-0.31,366,680408828.125,21,42,20251031,19961210,680408828.125,13450000.0,-951792500.0,9518528750.0,0.0,0.0,-700.0000029802322,24016830000.0,2153257031.25,15465498750.0,2718099062.5,15232.0,15753930000.0,912153046.875,16183915000.0,-111008994.140625,9101368750.0,8371255000.0,260312988.28125,-361970000.0,46335996.09375,729416015.625,9487999.877929688,157637998.046875,-523365000.0,-634956015.625,-462308007.8125,-24247280000.0,-0.0160000007599592,9.0,2116071455.46875,2116071455.46875
0,000677,1153,4.08,4.09,4.12,4.16,4.07,11:29:57.558,11299593,-408,143841,2,59228712.0,81411,62430,0,997,4.07,4.08,8199,398,4.06,4.09,4068,898,4.05,4.1,2197,1759,4.04,4.11,1974,3626,4.03,4.12,3802,4272,"(1716,)",0,0,0,0,0.0,1153,863977968.75,15,27,20251024,19961226,863977968.75,12170000.0,392546484.375,8215267500.0,0.0,0.0,0.0,22249065000.0,15468372500.0,4623482812.5,908851953.125,54297.0,9233386250.0,7384130000.0,6976881875.0,5078180937.5,8288315625.0,6422385000.0,2350026875.0,1131432031.25,0.0,430976992.1875,91359003.90625,4289705937.5,1131508984.375,823598046.875,27476999.51171875,-12664363750.0,0.5879999995231628,9.0,3525030112.5,3525030112.5
0,000679,802,7.39,7.35,7.35,7.43,7.31,11:29:55.572,11299262,-739,25969,2,19142700.0,11995,13974,0,5682,7.38,7.39,185,104,7.37,7.4,97,585,7.36,7.41,347,317,7.35,7.42,172,367,7.34,7.43,100,220,"(372,)",0,0,0,0,0.27,802,356400000.0,5,12,20251031,19970124,356400000.0,15520000.0,-413423398.4375,1245939531.25,0.0,0.0,-1599.9999642372131,9752015000.0,3160435937.5,1664942031.25,1177082968.75,19099.0,8579586250.0,-863662031.25,688272031.25,1974003906.25,2585551875.0,2123126875.0,445540000.0,-540981015.625,0.0,-1723525000.0,-146253007.8125,625247031.25,-666986015.625,-667041015.625,-571000000.0,-4261390000.0,0.5540000200271606,9.0,2633796000.0,2633796000.0
0,000691,588,8.58,8.54,8.48,8.65,8.4,11:29:54.858,11299143,-858,35048,5,29887402.0,15918,19130,0,11719,8.58,8.59,329,544,8.57,8.6,754,49,8.56,8.61,255,81,8.55,8.62,429,42,8.54,8.63,184,32,"(52,)",0,0,0,0,0.0,588,323270000.0,4,19,20260204,19970228,484905000.0,12260000.0,-210231191.40625,3484459375.0,0.0,0.0,-1199.99997317791,5719617500.0,2928930000.0,2209980000.0,240788984.375,15659.0,5161551250.0,1258521953.125,1862900937.5,-1028495000.0,3526185937.5,3152439062.5,634235000.0,-248484003.90625,77999.99713897705,105703007.8125,51478999.0234375,838130937.5,-420968984.375,-417827968.75,-381348007.8125,-6277146875.0,-0.3179999887943268,9.0,2773656600.0,2773656600.0
0,000692,1021,3.88,3.85,3.87,3.89,3.84,11:29:57.678,11299613,-388,75970,2,29404024.0,34816,41154,0,5341,3.87,3.88,1473,842,3.86,3.89,3678,5024,3.85,3.9,2336,2471,3.84,3.91,1028,2020,3.83,3.92,585,2178,"(52,)",0,0,0,0,0.0,1021,532833007.8125,5,42,20251029,19970227,532833007.8125,13440000.0,-4547060937.5,12285098750.0,0.0,0.0,-5899.999737739563,52740245000.0,17181950000.0,33730272500.0,622387968.75,25597.0,41276672500.0,-751445000.0,18497106250.0,-1291211015.625,12236076250.0,14280055000.0,5519440000.0,-4135942187.5,0.0,-4841771875.0,-1151467968.75,4120878125.0,-4144892187.5,-4193395000.0,-3166288125.0,-26898520000.0,-0.2419999986886978,9.0,2067392070.3125,2067392070.3125
0,000695,1445,12.79,12.78,12.8,12.96,12.69,11:29:52.332,11298722,-1279,59246,71,76120496.0,28124,31122,0,8320,12.79,12.8,169,280,12.78,12.82,285,1,12.77,12.83,112,195,12.76,12.84,173,75,12.75,12.85,180,204,"(53,)",0,0,0,0,-0.15,1445,221811191.40625,9,46,20260204,19970218,231752109.375,12230000.0,18061500.244140625,3663271250.0,0.0,0.0,-2199.999988079071,20028185000.0,7072672500.0,4502751250.0,2816389062.5,25626.0,14804300000.0,830211015.625,746862031.25,1082603046.875,3737459062.5,3763646250.0,1884385000.0,-544041992.1875,-1879000.0915527344,-1407874062.5,19141999.51171875,2425015937.5,-536318984.375,-498483984.375,-494370000.0,-2049351875.0,0.4869999885559082,9.0,2836965138.0859375,2836965138.0859375
0,000698,355,3.89,3.86,3.87,3.91,3.85,11:29:57.672,11299612,-389,69742,2,27110278.0,33278,36465,0,882,3.89,3.9,635,1842,3.88,3.91,3462,3321,3.87,3.92,1741,1815,3.86,3.93,2312,6226,3.85,3.94,2681,1166,"(5941,)",0,0,0,0,-0.25,355,785714375.0,5,5,20251025,19970220,819514375.0,12260000.0,-1870128125.0,36056097500.0,0.0,0.0,1099.9999940395355,52001385000.0,22157637500.0,22702210000.0,5250166250.0,46492.0,31239080000.0,0.0,13371190000.0,14773331250.0,40025922500.0,36989337500.0,1983515000.0,873365000.0,0.0,4590487187.5,4081655937.5,3168170000.0,1029903046.875,888971953.125,888971953.125,-10643800000.0,1.8029999732971191,9.0,3056428918.75,3056428918.75
0,000701,1230,6.39,6.28,6.34,6.41,6.32,11:29:56.172,11299362,-639,87071,38,55478256.0,39069,48002,1,6809,6.38,6.39,728,2255,6.37,6.4,992,2669,6.36,6.41,1612,2697,6.35,6.42,1318,1343,6.34,6.43,239,1582,"(52,)",0,0,0,0,0.0,1230,667746562.5,20,13,20260110,19970226,668313125.0,15510000.0,-1417887968.75,342857520000.0,0.0,0.0,-1299.9999523162842,171584120000.0,119116310000.0,8931503125.0,1390094062.5,48340.0,108979510000.0,8413161250.0,26509045000.0,24938627500.0,269210100000.0,262050520000.0,23859255000.0,588610976.5625,2174831093.75,-14350176250.0,4002226875.0,25569815000.0,595808007.8125,306282011.71875,66375000.0,-40088840000.0,-0.7490000128746033,9.0,4266900534.375,4266900534.375
0,000702,1022,7.17,7.1,7.14,7.18,7.07,11:29:55.704,11299284,-717,28911,1,20651990.0,11857,17055,0,1292,7.17,7.18,2,1568,7.16,7.19,167,1015,7.15,7.2,194,2799,7.14,7.21,56,1387,7.13,7.22,714,4282,"(5428,)",0,0,0,0,0.14,1022,266634609.375,21,17,20251028,19970318,346625000.0,12130000.0,-222408808.59375,7847202500.0,0.0,0.0,-299.99999329447746,5055842187.5,2194817031.25,1261951953.125,59396000.9765625,31981.0,2025075000.0,-587312968.75,4365423125.0,3520348750.0,7968913125.0,7408031250.0,798817031.25,-101769003.90625,1779000.0915527344,-361137968.75,-2281807968.75,864192031.25,-99528994.140625,-101607001.953125,-104797998.046875,-4844605937.5,1.0160000324249268,9.0,1911770149.21875,1911770149.21875
0,000705,866,9.62,9.51,9.59,9.64,9.55,11:29:54.234,11299039,-962,37128,42,35626148.0,19256,17872,0,11096,9.61,9.62,165,309,9.6,9.63,397,369,9.59,9.64,180,523,9.58,9.65,421,720,9.57,9.66,221,769,"(52,)",0,0,0,0,0.0,866,281960703.125,28,12,20251031,19970410,334123281.25,15510000.0,435689414.0625,28516245000.0,0.0,0.0,1700.0000178813934,30307602500.0,14712365000.0,7279580000.0,1004245000.0,35792.0,6772028125.0,0.0,5197368125.0,20174685000.0,17796306250.0,13179162500.0,3187190000.0,669986015.625,333143984.375,300290000.0,-113631992.1875,4989335000.0,651073007.8125,560447031.25,560599023.4375,9790855000.0,6.038000106811523,9.0,2712461964.0625,2712461964.0625
0,000707,1186,6.64,6.53,6.66,6.77,6.64,11:29:56.022,11299337,-664,133627,31,89459240.0,65201,68426,0,14625,6.64,6.65,274,897,6.63,6.66,247,472,6.62,6.67,356,167,6.61,6.68,823,479,6.6,6.69,565,342,"(117,)",0,0,0,0,-0.14,1186,464145781.25,19,19,20251028,19970415,584717187.5,12260000.0,3394271562.5,20409411250.0,0.0,0.0,-500.0000074505806,56804045000.0,16958636250.0,33870122500.0,4478090000.0,39069.0,12457770000.0,489612031.25,16245026250.0,28474260000.0,15505231250.0,12958372500.0,0.0,668849062.5,19930000.0,-553035000.0,-2880693125.0,1113413984.375,686886015.625,273070996.09375,-262345996.09375,3704862812.5,4.869999885559082,9.0,3081927987.5,3081927987.5
0,000710,1603,12.51,12.63,12.64,12.7,12.51,11:29:52.500,11298750,-1251,60055,30,75524584.0,37197,22858,-1,2654,12.51,12.52,518,454,12.5,12.53,1092,118,12.49,12.54,153,145,12.48,12.55,329,185,12.47,12.56,88,100,"(53,)",0,0,0,0,-0.15,1603,329529882.8125,23,9,20251031,19970422,353521484.375,22740000.0,103855097.65625,8226645000.0,0.0,0.0,-1500.0000596046448,23437105000.0,12980590000.0,3887703750.0,291708007.8125,64711.0,5210418125.0,296538984.375,11544936250.0,16196226250.0,6856568125.0,3582370000.0,6353506875.0,-421245000.0,46507001.953125,-245828007.8125,-557037968.75,1836645000.0,-432858007.8125,-504220000.0,-525637031.25,119785996.09375,4.580999851226807,9.0,4122418833.984375,4122418833.984375
0,000713,976,6.84,6.84,6.86,6.86,6.82,11:29:55.902,11299317,-684,63277,2311,43278980.0,39726,23552,0,6003,6.84,6.85,3,3166,6.83,6.86,6406,1213,6.82,6.87,3522,860,6.81,6.88,4025,961,6.8,6.89,8734,996,"(4532,)",0,0,0,0,0.0,976,614015000.0,24,17,20260202,19970422,798219531.25,10050000.0,-710513437.5,17204847500.0,0.0,0.0,-1500.0000596046448,35230580000.0,21051065000.0,5612451250.0,2605852968.75,67378.0,13275597500.0,758927031.25,4471451250.0,19058286250.0,15255948750.0,13858056250.0,2664196250.0,-958367031.25,18307000.732421875,1364962031.25,1204000000.0,9876150000.0,-973710000.0,-977200937.5,-907137968.75,7355656250.0,3.1040000915527344,9.0,4199862600.0,4199862600.0
0,000715,1061,6.58,6.48,6.48,6.6,6.42,11:29:56.058,11299343,-658,100038,13,64919348.0,50916,49122,0,2935,6.58,6.59,645,467,6.57,6.6,230,658,6.56,6.61,303,460,6.55,6.62,1187,268,6.54,6.63,32,240,"(693,)",0,0,0,0,0.46,1061,538993398.4375,5,12,20260202,19970508,540434609.375,15520000.0,552588007.8125,5663524375.0,0.0,0.0,1299.9999523162842,26964647500.0,10314036250.0,5759896250.0,1546284062.5,20000.0,6180342500.0,12140000.0,590514023.4375,19645668750.0,5619950000.0,2522025000.0,17996999.51171875,909071953.125,8832000.122070312,977455937.5,-365893007.8125,726280000.0,911790000.0,685752968.75,684145000.0,11472210000.0,3.634999990463257,9.0,3546576561.71875,3546576561.71875
0,000716,1189,6.16,6.14,6.15,6.17,6.11,11:29:56.310,11299385,-616,108854,39,66825648.0,67369,41486,1,7761,6.15,6.16,719,6458,6.14,6.17,4764,4318,6.13,6.18,7450,2401,6.12,6.19,5985,1262,6.11,6.2,5198,2318,"(5940,)",0,0,0,0,0.33,1189,738784375.0,10,14,20260204,19970418,752884062.5,12140000.0,417524296.875,15881160000.0,0.0,0.0,99.99999776482582,45672420000.0,15185117500.0,15238037500.0,3299551250.0,91000.0,12965476250.0,1524757031.25,15990793750.0,25489877500.0,14686522500.0,11361092500.0,2795456875.0,164234003.90625,-4365000.0,970762031.25,-781702968.75,4425876875.0,138046992.1875,86739003.90625,68192998.046875,1689131093.75,3.382999897003174,9.0,4550911750.0,4550911750.0
0,000720,1479,3.79,3.71,3.77,3.82,3.71,11:29:57.732,11299622,-379,212772,5,80311328.0,102710,110062,0,9919,3.78,3.79,1780,138,3.77,3.8,1131,20067,3.76,3.81,1747,9778,3.75,3.82,2237,11460,3.74,3.83,1272,3877,"(52,)",0,0,0,0,0.0,1479,1256531562.5,15,8,20260203,19970509,1256531562.5,12380000.0,-430526601.5625,7880308750.0,0.0,0.0,-0.0,52089140000.0,46967310000.0,643498007.8125,73489003.90625,62627.0,19799556250.0,981344062.5,5562276250.0,23577520000.0,10274713125.0,9698168750.0,5915511250.0,-9860000.0,7698999.6337890625,5324845000.0,-356637031.25,35545900000.0,-5985999.755859375,-24866999.51171875,-39676999.51171875,3942585937.5,1.8760000467300413,9.0,4762254621.875,4762254621.875
0,000721,1251,9.06,8.92,8.96,9.07,8.95,11:29:54.570,11299095,-906,72216,10,65136792.0,30203,42013,0,4471,9.06,9.07,311,1281,9.05,9.08,188,1235,9.04,9.09,462,1073,9.03,9.1,666,1477,9.02,9.11,996,241,"(1205,)",0,0,0,0,0.0,1251,512360312.5,8,10,20260204,19970430,573914296.875,17620000.0,-886309765.625,5120278437.5,0.0,0.0,-1500.0000596046448,12630522500.0,1648563125.0,4552393125.0,2145975937.5,89000.0,8900546875.0,25600000.0,2932340937.5,2176775937.5,4316250000.0,4285851250.0,512597031.25,-863925937.5,0.0,212195000.0,-469426992.1875,395601015.625,-861988984.375,-861988984.375,-847246015.625,-7053743125.0,0.3790000081062317,9.0,4641984431.25,4641984431.25
0,000726,1164,7.65,7.67,7.69,7.73,7.61,11:29:55.416,11299236,-765,63701,1,48757272.0,41937,21764,0,1938,7.64,7.65,635,19,7.63,7.66,3560,199,7.62,7.67,2316,487,7.61,7.68,2496,281,7.6,7.69,1932,292,"(2612,)",0,0,0,0,-0.12,1164,589117812.5,15,15,20260106,20001225,817307031.25,12170000.0,2878533750.0,44010720000.0,226125996.09375,0.0,6200.000047683716,141683210000.0,66280460000.0,56906760000.0,3251611875.0,46011.0,16208961250.0,3173526875.0,1789290937.5,97532310000.0,42998195000.0,33037487500.0,7764925000.0,5868192500.0,2510206093.75,4091805000.0,1915618906.25,21565720000.0,5917282500.0,5121850000.0,5026715937.5,72723755000.0,11.845999717712402,9.0,4506751265.625,4506751265.625
0,000731,779,6.96,6.86,6.9,6.99,6.88,11:29:55.830,11299305,-696,63788,14,44338264.0,21858,41930,0,3416,6.96,6.97,284,514,6.95,6.98,761,917,6.94,6.99,1236,1283,6.93,7.0,509,1708,6.92,7.01,2951,1474,"(53,)",0,0,0,0,0.0,779,548825898.4375,23,28,20260202,19970617,548825898.4375,12260000.0,1893807968.75,28684725000.0,0.0,0.0,-99.99999776482582,51678615000.0,30194862500.0,17905886250.0,1702906093.75,37821.0,5363428125.0,3378740000.0,4465371875.0,40329062500.0,27171622500.0,24427205000.0,908228046.875,77640996.09375,258870996.09375,-857367031.25,-328787031.25,4828705000.0,75439003.90625,-82760000.0,-72902001.953125,26462477500.0,7.217000007629394,9.0,3819828253.125,3819828253.125
0,000736,403,5.24,5.22,5.23,5.28,5.2,11:29:56.862,11299477,-524,46983,15,24625092.0,26078,20905,0,2029,5.23,5.24,1020,867,5.22,5.25,1210,1028,5.21,5.26,1042,1128,5.2,5.27,1469,367,5.19,5.28,734,2387,"(52,)",0,0,0,0,0.0,403,747098437.5,25,11,20260203,19970425,747098437.5,20700000.0,-14890537500.0,122711540000.0,0.0,0.0,-22200.00028610229,22584602500.0,19700831250.0,146945996.09375,72556000.9765625,29169.0,9311875000.0,245885000.0,65167980000.0,12476032500.0,142931140000.0,143314420000.0,7685613125.0,-16292130000.0,1637475937.5,-968821015.625,-64783090000.0,151999.99809265137,-16540051250.0,-19005995000.0,-16603240000.0,-60865430000.0,1.6699999570846558,9.0,3914795812.5,3914795812.5
0,000752,389,10.86,10.88,10.86,10.95,10.82,11:29:53.490,11298915,-1086,14147,15,15368531.0,8839,5308,0,825,10.85,10.86,296,0,10.84,10.87,852,75,10.83,10.88,744,465,10.82,10.89,324,139,10.81,10.9,446,119,"(117,)",0,0,0,0,0.0,389,263758496.09375,31,37,20260126,19970625,263758496.09375,12150000.0,239918691.40625,2994596250.0,0.0,0.0,5500.00011920929,14077498750.0,10596365000.0,1422501875.0,52510996.09375,15873.0,2012317031.25,5583532500.0,5458403750.0,6147163750.0,3251251875.0,1861976875.0,101999.99809265137,2729940000.0,-22025000.0,1012953046.875,3992471250.0,353084023.4375,2773111875.0,2538514062.5,1449070000.0,-2641075000.0,2.3310000896453857,9.0,2864417267.578125,2864417267.578125
0,000757,1145,5.29,5.24,5.27,5.31,5.23,11:29:56.832,11299472,-529,60267,6,31780564.0,23145,37122,0,2867,5.28,5.29,713,394,5.27,5.3,1107,2903,5.26,5.31,692,2881,5.25,5.32,1259,741,5.24,5.33,670,1094,"(52,)",0,0,0,0,0.19,1145,532706015.625,23,7,20260203,19970627,532716093.75,15520000.0,-238920000.0,26295305000.0,0.0,0.0,799.9999821186066,24612977500.0,16131237500.0,4956723125.0,268008007.8125,25602.0,7953511875.0,0.0,14941710000.0,15921430000.0,21830527500.0,19042347500.0,1382586093.75,533989023.4375,-24891999.51171875,2313384062.5,-387601015.625,3970282812.5,535331992.1875,427751992.1875,427751992.1875,-4754953125.0,2.989000082015991,9.0,2818014822.65625,2818014822.65625
0,000759,1560,7.18,7.2,7.2,7.22,7.15,11:29:55.698,11299283,-718,128216,8,91998600.0,73608,54608,1,14299,7.17,7.18,2067,427,7.16,7.19,9717,1331,7.15,7.2,9404,2605,7.14,7.21,1843,1955,7.13,7.22,1914,2268,"(52,)",0,0,0,0,0.0,1560,655706015.625,19,12,20260106,19970519,662463593.75,15520000.0,-3315552812.5,81304480000.0,0.0,0.0,-8700.000047683716,94689250000.0,24848075000.0,38978140000.0,3090755000.0,97692.0,62796320000.0,383845000.0,8619485000.0,12121413750.0,65522020000.0,50739830000.0,4298455000.0,-4367670000.0,-37590000.0,1185403046.875,-2400157031.25,10638547500.0,-5702235000.0,-5805790000.0,-5796568125.0,-7419346250.0,1.8289999961853027,9.0,4707969192.1875,4707969192.1875
0,000779,1102,9.01,8.89,8.94,9.03,8.88,11:29:54.600,11299100,-901,44492,2,39950796.0,15094,29398,0,2280,9.0,9.01,15,68,8.99,9.02,1,1641,8.98,9.03,57,2747,8.97,9.04,102,1182,8.96,9.05,446,1741,"(52,)",0,0,0,0,0.22,1102,464774687.5,4,21,20260202,19970528,464829492.1875,22740000.0,1803250312.5,13703638750.0,0.0,0.0,3400.000035762787,54431595000.0,36403130000.0,9743534375.0,1895450937.5,28201.0,13071415000.0,63659003.90625,17075442500.0,39525340000.0,14147545000.0,8970488125.0,16131237500.0,1931600000.0,70071997.0703125,-1232324062.5,-5019246875.0,374325000.0,1929210937.5,1576535000.0,1577157031.25,16996668750.0,8.503000259399414,9.0,4187619934.375,4187619934.375
0,000782,1200,6.15,6.14,6.17,6.28,6.13,11:29:56.316,11299386,-615,145883,2,90323376.0,83427,62456,0,9039,6.14,6.15,348,623,6.13,6.16,2224,245,6.12,6.17,1115,576,6.11,6.18,597,55,6.1,6.19,836,34,"(52,)",0,0,0,0,0.0,1200,528139609.375,12,27,20251030,19970619,686581484.375,12280000.0,-134072001.953125,24151435000.0,0.0,0.0,-799.9999821186066,30367610000.0,14615722500.0,5513069375.0,2118577968.75,28822.0,10351511875.0,0.0,10559752500.0,17192573750.0,18097992500.0,17508747500.0,2254117968.75,-582541992.1875,84778994.140625,-876832968.75,-1997980000.0,3669643125.0,-570503984.375,-570490000.0,-570490000.0,-1171396953.125,2.503999948501587,9.0,3248058597.65625,3248058597.65625
0,000788,1004,6.37,6.32,6.38,6.41,6.34,11:29:56.184,11299364,-637,94913,72,60498980.0,41400,53513,0,17749,6.36,6.37,1766,801,6.35,6.38,2134,745,6.34,6.39,1512,2140,6.33,6.4,2789,4416,6.32,6.41,4342,2847,"(52,)",0,0,0,0,0.16,1004,595987382.8125,25,34,20251031,19970616,595987382.8125,12270000.0,1303649921.875,15343302500.0,0.0,0.0,2300.000041723252,20988900000.0,17561792500.0,1180740000.0,1244600000.0,49362.0,4628678750.0,-6462999.877929688,1991728906.25,16149765000.0,12311932500.0,8984228125.0,7565805000.0,1640377968.75,24718999.0234375,1317382968.75,356481015.625,1440501875.0,1666556093.75,1359805937.5,1359805937.5,7502355000.0,2.7100000381469727,9.0,3796439628.515625,3796439628.515625
0,000789,727,5.7,5.65,5.7,5.73,5.66,11:29:56.586,11299431,-570,41681,1,23738506.0,20624,21057,0,6299,5.69,5.7,680,99,5.68,5.71,77,732,5.67,5.72,457,2497,5.66,5.73,1264,1411,5.65,5.74,540,1409,"(2612,)",0,0,0,0,0.0,727,797407421.875,22,22,20251030,19970923,797407421.875,12300000.0,69781401.3671875,40180030000.0,0.0,0.0,99.99999776482582,157993820000.0,71804855000.0,60604180000.0,15273600000.0,46758.0,41172380000.0,33524947500.0,519483007.8125,65903920000.0,33277070000.0,28063987500.0,14790675000.0,696330000.0,173346992.1875,4155935000.0,1696203906.25,4626043125.0,749400937.5,170893984.375,74853999.0234375,53907990000.0,8.07699966430664,9.0,4545222304.6875,4545222304.6875
0,000790,1068,4.07,4.05,4.08,4.12,4.05,11:29:57.564,11299594,-407,136071,2,55570284.0,64643,71428,1,28340,4.06,4.07,1344,688,4.05,4.08,1120,795,4.04,4.09,1597,5188,4.03,4.1,209,2215,4.02,4.11,594,6214,"(1268,)",0,0,0,0,0.0,1068,622614609.375,23,34,20251030,19980327,623719414.0625,12270000.0,57378701.171875,6630792500.0,0.0,0.0,-1599.9999642372131,18617050000.0,5462131875.0,4569807812.5,1762167031.25,36981.0,8000481250.0,174715000.0,662902031.25,9323530000.0,4573846250.0,2493496093.75,2701561875.0,-916119062.5,-250587988.28125,-103406992.1875,-499964023.4375,601727968.75,-929417031.25,-971142031.25,-977851953.125,1181117031.25,1.4950000047683716,9.0,2534041460.15625,2534041460.15625
0,000798,2189,11.83,11.49,11.69,12.05,11.63,11:29:52.908,11298818,-1183,321073,51,380860032.0,147756,173318,1,45790,11.82,11.83,75,22,11.81,11.84,104,789,11.8,11.85,837,127,11.79,11.86,263,175,11.78,11.87,661,194,"(3252,)",0,0,0,0,0.08,2189,365836210.9375,7,17,20251201,19980212,365858710.9375,10040000.0,161804101.5625,32486015000.0,0.0,0.0,1500.0000596046448,58812020000.0,28378565000.0,25888330000.0,446518984.375,60010.0,27041545000.0,12554980000.0,3310718125.0,4095237812.5,29668985000.0,28153187500.0,1541750000.0,1129250000.0,65282001.953125,3529362187.5,-124721992.1875,16542106250.0,1122644062.5,1060880937.5,534081015.625,-3526042187.5,1.11899995803833,9.0,4327842375.390625,4327842375.390625
0,000802,1783,4.87,4.66,4.74,4.87,4.72,11:29:57.084,11299514,-487,329402,44,158086176.0,112789,216614,0,16761,4.86,4.87,1454,3096,4.85,4.88,233,4072,4.84,4.89,531,1718,4.83,4.9,221,2765,4.82,4.91,307,877,"(5300,)",0,0,0,0,1.25,1783,715465234.375,7,18,20251025,19980108,715900234.375,27870000.0,-399105781.25,993666562.5,0.0,0.0,-4300.000071525574,19851743750.0,8604096875.0,601395000.0,4659164062.5,61932.0,11565697500.0,-206381015.625,31759915000.0,7794171250.0,2498523125.0,4512676875.0,859051953.125,-2523275000.0,2308999.938964844,858571953.125,581883984.375,430170000.0,-3014330000.0,-3053339062.5,-3053318125.0,-31652937500.0,1.0889999866485596,9.0,3484315691.40625,3484315691.40625
0,000803,1478,8.79,8.72,8.76,8.86,8.67,11:29:54.732,11299122,-879,66393,2,58136276.0,31754,34640,0,11511,8.79,8.8,76,71,8.78,8.81,213,142,8.77,8.82,19,37,8.76,8.83,101,50,8.75,8.84,283,22,"(5685,)",0,0,0,0,-0.1,1478,459787812.5,23,39,20251031,19980303,466296210.9375,23770000.0,-117722597.65625,10413516250.0,0.0,0.0,1099.9999940395355,52186820000.0,8046056250.0,10344872500.0,23106980000.0,17253.0,19030842500.0,179793007.8125,9572131875.0,14681226250.0,10361546250.0,8002353125.0,3409021875.0,571150000.0,28876000.9765625,2222253906.25,267446992.1875,429775000.0,594418007.8125,455445000.0,526100976.5625,-65002001.953125,3.1480000019073486,9.0,4041534871.8749995,4041534871.8749995
0,000809,841,3.5,3.44,3.47,3.51,3.46,11:29:57.906,11299651,-350,84470,3,29459598.0,39334,45136,0,1398,3.49,3.5,3021,3460,3.48,3.51,3524,5376,3.47,3.52,1903,1846,3.46,3.53,3616,1595,3.45,3.54,3212,1680,"(52,)",0,0,0,0,0.0,841,824791328.125,5,43,20260128,19980616,824791328.125,12380000.0,-784303671.875,850060937.5,0.0,0.0,-599.9999865889549,29091562500.0,11341165000.0,2880765000.0,785295000.0,28743.0,2259767031.25,102337001.953125,827658984.375,26705950000.0,1026855000.0,1081921953.125,1093117968.75,-490585976.5625,-88682001.953125,-538428984.375,-8379345000.0,673530000.0,-490568984.375,-504616992.1875,-499100000.0,15662545000.0,3.23799991607666,9.0,2886769648.4375,2886769648.4375
0,000812,848,4.49,4.45,4.48,4.49,4.45,11:29:57.312,11299552,-449,74671,18,33425944.0,36682,37990,0,5439,4.48,4.49,359,8662,4.47,4.5,5395,3510,4.46,4.51,5186,2615,4.45,4.52,3966,4053,4.44,4.53,2427,7188,"(5556,)",0,0,0,0,0.0,848,768160937.5,8,46,20251028,19980623,768692578.125,12230000.0,589066992.1875,10587671250.0,0.0,0.0,199.99999552965164,57519310000.0,12402830000.0,23402130000.0,2304355000.0,68533.0,29927437500.0,543956015.625,1926882031.25,17978201250.0,10428259375.0,7898177500.0,3369650000.0,306587988.28125,-5530000.0,1605919062.5,1759171093.75,2779808125.0,279411015.625,189754003.90625,118045000.0,5272463125.0,2.33899998664856,9.0,3449042609.375,3449042609.375
0,000820,206,3.64,3.47,3.58,3.64,3.55,11:29:57.822,11299637,-364,34431,22,12443627.0,13945,20487,0,22081,3.64,0.0,28139,0,3.63,0.0,559,0,3.62,0.0,373,0,3.61,0.0,109,0,3.6,0.0,418,0,"(3253,)",0,0,0,0,0.0,206,296966894.53125,22,39,20260204,19980630,646555195.3125,22740000.0,-150635898.4375,1190857187.5,0.0,0.0,-99.99999776482582,5825421250.0,4216587812.5,12994000.244140623,17300999.755859375,19300.0,3457509062.5,799966015.625,6011615000.0,1488875000.0,922210000.0,744288984.375,1665390000.0,-154550000.0,-5999.999642372131,-233340996.09375,127020000.0,45423002.9296875,-155743994.140625,-129568994.140625,-83710000.0,-5941842500.0,0.2300000041723251,9.0,1080959496.09375,1080959496.09375
0,000826,1383,2.26,2.16,2.18,2.28,2.17,11:29:58.650,11299775,-226,382151,1,85396928.0,129305,252847,0,2324,2.25,2.26,1960,7057,2.24,2.27,5647,13823,2.23,2.28,11444,19845,2.22,2.29,3970,10753,2.21,2.3,6667,20663,"(4468,)",0,0,0,0,0.0,1383,1425172968.75,19,39,20260205,19980225,1425353281.25,23780000.0,-11125786250.0,36941772500.0,0.0,0.0,-5400.000214576721,186717500000.0,62836655000.0,13936898750.0,71609375000.0,69689.0,93539120000.0,25408802500.0,65114310000.0,419100976.5625,33037772500.0,25350417500.0,42487930000.0,-4582630937.5,-2193353906.25,4426631875.0,-823646953.125,2395755000.0,-5633061250.0,-6423994375.0,-6831749375.0,-84684390000.0,0.0289999991655349,9.0,3220890909.3749995,3220890909.3749995
0,000838,1426,2.73,2.73,2.75,2.81,2.71,11:29:58.368,11299728,-273,340353,147,94041976.0,188705,151648,0,20270,2.73,2.74,9433,903,2.72,2.75,2190,4562,2.71,2.76,2955,986,2.7,2.77,4386,1364,2.69,2.78,597,2755,"(2229,)",0,0,0,0,-0.35,1426,1053765937.5,25,11,20251028,19970626,1100462187.5,20700000.0,-60341201.171875,7483175000.0,0.0,0.0,-199.99999552965164,24937380000.0,19869490000.0,1282385000.0,71598999.0234375,42794.0,20324137500.0,324008007.8125,2567363125.0,4102446250.0,2137435937.5,1666317968.75,109250996.09375,-308116992.1875,-268126992.1875,739875000.0,245995996.09375,14779180000.0,-311937011.71875,-195004003.90625,-186535996.09375,-9882621250.0,0.3729999959468841,9.0,2876781009.375,2876781009.375
0,000856,1639,11.23,11.04,11.41,11.45,11.11,11:29:53.268,11298878,-1123,89258,5,100367552.0,47128,42131,0,47352,11.22,11.23,47,156,11.21,11.24,90,492,11.2,11.25,202,685,11.19,11.26,165,1058,11.18,11.27,88,337,"(5812,)",0,0,0,0,-0.08,1639,227000000.0,11,26,20251030,19980813,227000000.0,12350000.0,112354296.875,19018680000.0,0.0,0.0,399.9999910593033,22533997500.0,19201248750.0,2068426875.0,143520996.09375,43804.0,18080137500.0,201043984.375,3586568125.0,4194640937.5,20373155000.0,18985211250.0,9527228125.0,24100998.53515625,45083999.0234375,-589549023.4375,-235470996.09375,3175503750.0,74862001.953125,83827001.953125,81182001.953125,-1767874062.5,1.8480000495910645,9.0,2549210000.0,2549210000.0
0,000862,1255,6.36,6.31,6.33,6.41,6.3,11:29:56.190,11299365,-636,92051,13,58616864.0,45030,47021,0,8856,6.36,6.37,1281,98,6.35,6.38,959,715,6.34,6.39,535,964,6.33,6.4,180,3908,6.32,6.41,356,2833,"(117,)",0,0,0,0,-0.15,1255,627967109.375,14,16,20251025,19980915,917954687.5,13440000.0,1905295937.5,9301226250.0,0.0,0.0,2599.9999046325684,88700810000.0,24756315000.0,59815320000.0,771965000.0,47122.0,30934397500.0,810438984.375,34312715000.0,44831955000.0,9752275625.0,5992065000.0,23336837500.0,2663018125.0,27045998.53515625,10441881875.0,-55542998.046875,365303007.8125,2661598125.0,2429415937.5,2374515000.0,1095880000.0,4.883999824523926,9.0,3993870815.625,3993870815.625
0,000868,728,4.92,4.91,4.93,4.95,4.9,11:29:57.054,11299509,-492,57895,10,28453806.0,26921,30974,0,5566,4.91,4.92,5824,3168,4.9,4.93,3365,3444,4.89,4.94,1064,3097,4.88,4.95,1544,6868,4.87,4.96,1073,2991,"(3124,)",0,0,0,0,0.0,728,733328437.5,24,7,20260202,19970725,939514765.625,12360000.0,-53590000.0,16942357500.0,0.0,0.0,-99.99999776482582,42529620000.0,31963450000.0,5798238125.0,1611162968.75,46856.0,33051490000.0,355196015.625,13122737500.0,8513180000.0,24459747500.0,22500055000.0,12694221250.0,-202545000.0,44962998.046875,-344330000.0,-503816992.1875,3739693125.0,-198098007.8125,-199336992.1875,-86578994.140625,-14780481250.0,0.906000018119812,9.0,3607975912.5,3607975912.5
0,000889,1044,3.75,3.67,3.69,3.77,3.68,11:29:57.756,11299626,-375,121994,5,45491176.0,49151,72844,0,1225,3.75,3.76,324,9237,3.74,3.77,2193,4939,3.73,3.78,1743,4358,3.72,3.79,2346,2565,3.71,3.8,2670,4147,"(5301,)",0,0,0,0,-0.26,1044,869849687.5,11,24,20251031,19971218,936291093.75,18650000.0,-230992695.3125,10780760000.0,0.0,0.0,-299.99999329447746,8891875000.0,7087411875.0,434790000.0,5091000.061035156,38025.0,7896461250.0,1361999.969482422,14896637500.0,709770000.0,11859761250.0,10968132500.0,5859631875.0,-266486015.625,0.0,-230116992.1875,-360046015.625,333748007.8125,-304146992.1875,-293636015.625,-293384003.90625,-24594235000.0,0.0759999975562095,9.0,3261936328.125,3261936328.125
0,000890,1606,5.49,5.37,5.4,5.5,5.38,11:29:56.712,11299452,-549,123390,129,67213992.0,50018,73373,0,8019,5.48,5.49,1330,5236,5.47,5.5,3956,13251,5.46,5.51,932,1859,5.45,5.52,1641,1752,5.44,5.53,877,984,"(3828,)",0,0,0,0,0.18,1606,419491093.75,26,3,20260203,19990119,419503984.375,12330000.0,-413538593.75,2693328437.5,0.0,0.0,-500.0000074505806,9856475625.0,3941494062.5,1676832031.25,381928984.375,45494.0,9292321250.0,541437031.25,2522671093.75,-55430000.0,2045335000.0,2001320000.0,1743906093.75,-406096992.1875,186586992.1875,346606015.625,31717001.953125,986753984.375,-410428984.375,-406253007.8125,-227653007.8125,-7273020000.0,-0.0130000002682209,9.0,2303006104.6875,2303006104.6875
0,000897,1123,2.3,2.28,2.29,2.34,2.28,11:29:58.626,11299771,-230,310735,6,71902736.0,129334,181401,0,2723,2.3,2.31,18229,17244,2.29,2.32,24944,12663,2.28,2.33,28804,17029,2.27,2.34,9039,27038,2.26,2.35,7023,30391,"(53,)",0,0,0,0,0.0,1123,1617241562.5,9,11,20251029,19990422,1617272187.5,20700000.0,3713594375.0,16548512500.0,0.0,0.0,99.99999776482582,44871190000.0,41884860000.0,39073999.0234375,14785999.755859377,81953.0,13018590000.0,996550000.0,3092440937.5,30724975000.0,3074664062.5,2020710937.5,453641015.625,322960000.0,141643994.140625,-6625740625.0,-6053063125.0,33521777500.0,311161015.625,145158994.140625,181963007.8125,10603522500.0,1.899999976158142,9.0,3719655593.7499995,3719655593.7499995
0,000906,726,6.2,6.16,6.21,6.25,6.18,11:29:56.286,11299381,-620,29841,33,18536942.0,13105,16736,-1,9060,6.2,6.21,222,470,6.19,6.22,341,1180,6.18,6.23,698,2124,6.17,6.24,404,1184,6.16,6.25,274,2727,"(53,)",0,0,0,0,0.0,726,701239765.625,28,12,20251025,19990707,709663203.125,21720000.0,3620042500.0,1472104480000.0,0.0,0.0,2300.000041723252,533931960000.0,502259600000.0,14477731250.0,4572969062.5,28465.0,414844360000.0,37929427500.0,8543915625.0,57559240000.0,1706224320000.0,1692114400000.0,73461325000.0,6247128125.0,3002943125.0,-55241460000.0,-5369332500.0,200738780000.0,6235861250.0,4499994062.5,1900270000.0,28120740000.0,6.702000141143799,9.0,4347686546.875,4347686546.875
0,000909,203,5.62,5.53,5.52,5.67,5.52,11:29:56.634,11299439,-562,16973,1,9551056.0,4402,12571,0,530,5.61,5.62,147,50,5.6,5.63,265,654,5.59,5.64,308,80,5.58,5.65,263,277,5.57,5.66,459,98,"(52,)",0,0,0,0,0.0,203,437710585.9375,28,25,20251025,19990507,437714296.875,20700000.0,481931093.75,2354099843.75,0.0,0.0,-1500.0000596046448,23454990000.0,7903753125.0,4689835000.0,65164003.90625,18619.0,11760745000.0,492001992.1875,9990350000.0,9929511250.0,2422067031.25,1552812031.25,699611015.625,-450326992.1875,-125390000.0,458678984.375,-6183000.48828125,3993537812.5,-451564023.4375,-641927968.75,-674612031.25,-4650634062.5,2.2690000534057617,9.0,2459933492.96875,2459933492.96875
0,000910,672,7.81,7.71,7.78,7.87,7.77,11:29:55.320,11299220,-781,28730,6,22483474.0,11617,17113,0,1019,7.81,7.82,581,197,7.8,7.83,416,108,7.79,7.84,50,141,7.78,7.85,21,515,7.77,7.86,219,584,"(117,)",0,0,0,0,-0.12,672,547184492.1875,26,4,20251030,19990630,547397500.0,12200000.0,1340603281.25,37723055000.0,0.0,0.0,1299.9999523162842,97451220000.0,71187340000.0,14824025000.0,4766975000.0,17629.0,27499312500.0,1489048125.0,2433890937.5,67172980000.0,34039287500.0,25232287500.0,15925348750.0,754133984.375,74832001.953125,-200743984.375,-449591015.625,18121395000.0,744452968.75,540000976.5625,731730000.0,55944305000.0,12.270999908447266,9.0,4273510883.984375,4273510883.984375
0,000911,1365,6.76,6.66,6.69,6.76,6.66,11:29:55.950,11299325,-676,76689,3,51508564.0,31018,45671,0,11708,6.75,6.76,11,3075,6.74,6.77,519,892,6.73,6.78,1384,1502,6.72,6.79,1359,1277,6.71,6.8,2651,825,"(52,)",0,0,0,0,0.15,1365,400319804.6875,10,14,20260205,19990527,400319804.6875,12130000.0,-273104296.875,21482997500.0,0.0,0.0,-99.99999776482582,30769695000.0,12480710000.0,12447822500.0,4037885937.5,34900.0,27449025000.0,772768984.375,19593493750.0,1200405937.5,17442517500.0,15247323750.0,3479446250.0,17652000.732421875,-327999.99237060547,-226192988.28125,-5206855937.5,2571450937.5,2905000.0,-76407001.953125,-43920000.0,-23909640000.0,0.3000000119209289,9.0,2706161879.6875,2706161879.6875
0,000919,1403,7.75,7.78,7.85,7.88,7.73,11:29:55.356,11299226,-775,80508,3,62583796.0,49471,31037,0,35113,7.74,7.75,1220,1166,7.73,7.76,1137,242,7.72,7.77,1083,641,7.71,7.78,1087,275,7.7,7.79,1360,266,"(52,)",0,0,0,0,0.0,1403,621766718.75,26,34,20260202,19991118,621924492.1875,12270000.0,767564531.25,25305950000.0,0.0,0.0,1099.9999940395355,60239970000.0,35439652500.0,13646337500.0,3228650000.0,33513.0,9606682500.0,10547395000.0,10882738750.0,37923630000.0,23801430000.0,18886112500.0,5146471875.0,896028046.875,135212001.953125,892921953.125,-5769676250.0,2671485000.0,897111015.625,748181953.125,684582968.75,16668992500.0,6.079999923706055,9.0,4818692070.3125,4818692070.3125
0,000926,1134,2.35,2.31,2.34,2.37,2.3,11:29:58.596,11299766,-235,340950,181,79823248.0,170747,170204,0,18191,2.34,2.35,13497,3828,2.33,2.36,5004,15969,2.32,2.37,6399,18830,2.31,2.38,4071,16485,2.3,2.39,3606,11400,"(5172,)",0,0,0,0,0.43,1134,1573209218.75,19,11,20260204,19990618,1592964843.75,20700000.0,166303398.4375,22807670000.0,0.0,0.0,-5400.000214576721,278625120000.0,216095500000.0,5337643125.0,479390000.0,41600.0,135073560000.0,8823275000.0,23553630000.0,86265110000.0,10161336875.0,8856178125.0,3268735937.5,-7508906250.0,-804685000.0,2176582031.25,628012968.75,180122040000.0,-7568706250.0,-8818567500.0,-8669931250.0,34140490000.0,5.414999961853027,9.0,3697041664.0625,3697041664.0625
0,000929,295,9.92,9.9,9.93,9.97,9.85,11:29:54.054,11299009,-992,10884,1,10792036.0,4948,5936,0,2770,9.92,9.93,13,20,9.91,9.94,70,434,9.9,9.95,10,316,9.89,9.96,165,593,9.88,9.97,169,187,"(53,)",0,0,0,0,0.0,295,185754199.21875,4,37,20260206,19990623,185765996.09375,12150000.0,-386837890.625,1779108750.0,0.0,0.0,599.9999865889549,11185596250.0,4897960000.0,1433663906.25,481355000.0,10939.0,3318055000.0,3141725000.0,1844118906.25,4673251250.0,2194464062.5,1749570000.0,775328984.375,-178735996.09375,31282998.046875,-1338027968.75,164468984.375,1896496093.75,-221856015.625,-221826992.1875,109282998.046875,1030261015.625,2.5160000324249268,9.0,1842681656.25,1842681656.25
0,000931,866,5.25,5.2,5.22,5.26,5.2,11:29:56.856,11299476,-525,53789,1,28172566.0,25449,28340,0,1743,5.24,5.25,2152,1310,5.23,5.26,2444,4241,5.22,5.27,1273,1544,5.21,5.28,1292,2703,5.2,5.29,2256,3701,"(116,)",0,0,0,0,0.0,866,751029531.25,7,34,20251030,19990712,753127031.25,12270000.0,516290390.625,19298437500.0,0.0,0.0,700.0000029802322,38161262500.0,17410130000.0,8555215000.0,1172412031.25,68039.0,13703623750.0,2286338125.0,15760287500.0,16378623750.0,18824625000.0,7597725000.0,10745945000.0,848296015.625,-16825999.755859375,232561015.625,429285000.0,2020700000.0,838955000.0,612535000.0,494912968.75,-7468765000.0,2.174999952316284,9.0,3942905039.0625,3942905039.0625
0,000952,1265,8.04,7.94,7.99,8.06,7.94,11:29:55.182,11299197,-804,55937,2,44812304.0,26230,29707,0,7654,8.04,8.05,69,1192,8.03,8.06,418,614,8.02,8.07,195,530,8.01,8.08,268,465,8.0,8.09,142,218,"(2613,)",0,0,0,0,0.12,1265,343993984.375,19,34,20260203,19991112,346750390.625,12270000.0,-1585755937.5,4621936250.0,0.0,0.0,-2800.000011920929,25803247500.0,8218617500.0,14395306250.0,2052715000.0,31564.0,12252257500.0,-22303000.48828125,3654192187.5,9654307500.0,4292637187.5,3030734062.5,1450900000.0,-1050121015.625,187998007.8125,476428984.375,-549981992.1875,3173477812.5,-1069857031.25,-1070283984.375,-972986015.625,1100932968.75,2.7839999198913574,9.0,2765711634.3749995,2765711634.3749995
0,000953,1058,7.26,7.26,7.26,7.31,7.24,11:29:55.650,11299275,-726,37796,119,27489838.0,23717,14079,0,6164,7.26,7.27,793,274,7.25,7.28,1823,364,7.24,7.29,1205,1243,7.23,7.3,2278,2535,7.22,7.31,1046,348,"(53,)",0,0,0,0,-0.13,1058,366122187.5,10,34,20251028,19991202,366122187.5,12270000.0,792887187.5,1666951250.0,0.0,0.0,199.99999552965164,2721195000.0,1116482031.25,1339192031.25,207088984.375,35836.0,908855937.5,176228007.8125,5053053125.0,1541363906.25,1294521015.625,1060985000.0,154749003.90625,85203994.140625,0.0,427245000.0,-426237031.25,344006015.625,84927001.953125,86521992.1875,79331000.9765625,-7313261250.0,0.4210000038146972,9.0,2658047081.25,2658047081.25
0,000955,1447,5.88,5.81,5.86,5.92,5.82,11:29:56.478,11299413,-588,108587,1,63958752.0,54592,53995,0,4366,5.87,5.88,907,638,5.86,5.89,837,2813,5.85,5.9,849,2229,5.84,5.91,568,2029,5.83,5.92,681,7345,"(52,)",0,0,0,0,0.0,1447,537993007.8125,30,15,20260203,19991209,538395000.0,12170000.0,-138664697.265625,3933412187.5,0.0,0.0,0.0,8579575000.0,4523026875.0,2480725937.5,758115000.0,47466.0,987132031.25,567220000.0,4896810000.0,6483218125.0,3332598750.0,3009252812.5,727395000.0,-9419000.244140623,22616999.51171875,-238725000.0,-1395194062.5,819767968.75,-12283999.0234375,-13282000.732421877,2302000.1220703125,-3797542187.5,1.2039999961853027,9.0,3163398885.9375,3163398885.9375
0,000965,1375,4.13,4.07,4.1,4.19,4.09,11:29:57.528,11299588,-413,226807,1,94101568.0,94191,132616,0,5150,4.13,4.14,3047,1145,4.12,4.15,2409,6988,4.11,4.16,5527,2611,4.1,4.17,3294,7725,4.09,4.18,1878,7695,"(53,)",0,0,0,0,0.0,1375,1109830937.5,9,11,20251025,20000406,1109830937.5,20700000.0,8900900.268554688,15677013750.0,0.0,0.0,599.9999865889549,154942000000.0,130833400000.0,3641360000.0,21923000.48828125,54637.0,54009020000.0,11759113750.0,23128160000.0,54939270000.0,23200435000.0,21292815000.0,1184761015.625,1080363984.375,295296992.1875,-9463388125.0,2766598125.0,105394100000.0,1083219062.5,1114171953.125,646110000.0,17783656250.0,4.949999809265137,9.0,4583601771.875,4583601771.875
0,000972,284,3.52,3.5,3.49,3.55,3.49,11:29:57.894,11299649,-352,44112,400,15529536.0,18519,25593,0,3347,3.52,3.53,1308,30,3.51,3.54,2255,1790,3.5,3.55,6026,7757,3.49,3.56,2005,596,3.48,3.57,2037,304,"(693,)",0,0,0,0,-0.27,284,771283593.75,2,14,20260106,20000926,771283593.75,12130000.0,-435443281.25,2978200312.5,0.0,0.0,-1899.999976158142,12482815000.0,7857496875.0,4183489062.5,166370000.0,25828.0,12214111250.0,37814001.46484375,10716677500.0,-1714555000.0,3541726250.0,3787292187.5,529700976.5625,-1465180000.0,0.0,-373690000.0,-554566015.625,5460628125.0,-1483012031.25,-1509867968.75,-1440874062.5,-20506861250.0,-0.2220000028610229,9.0,2714918250.0,2714918250.0
0,000978,1149,7.32,7.21,7.25,7.36,7.23,11:29:55.614,11299269,-732,70285,12,51305748.0,29604,40681,0,3299,7.31,7.32,193,150,7.3,7.33,102,966,7.29,7.34,245,1131,7.28,7.35,182,1593,7.27,7.36,97,1995,"(116,)",0,0,0,0,0.27,1149,468118789.0625,10,10,20260204,20000518,468130000.0,23780000.0,68030698.2421875,3421115000.0,0.0,0.0,799.9999821186066,22774475000.0,3170325000.0,9766786250.0,3141549062.5,29461.0,5511138125.0,-1791999.969482422,13288500000.0,11077627500.0,3387684062.5,2267427968.75,687981953.125,368987968.75,221211015.625,1076416015.625,1442442031.25,42857998.046875,426225000.0,334403007.8125,357676992.1875,-7813477500.0,2.365999937057495,9.0,3426629535.9375,3426629535.9375
0,000985,834,21.37,21.43,21.65,21.81,21.21,11:29:47.184,11297864,-2137,10786,10,23039580.0,5342,5444,0,1191,21.32,21.35,19,2,21.3,21.36,24,28,21.28,21.37,51,32,21.26,21.38,2,54,21.25,21.39,55,25,"(52,)",0,0,0,0,-0.04,834,129639501.953125,1,19,20251030,20000726,129639501.953125,12260000.0,311297304.6875,15052927500.0,0.0,0.0,1000.0000149011612,7293781250.0,4414131875.0,2368573125.0,122406005.859375,12622.0,1043640000.0,0.0,2909072187.5,6149943125.0,14318850000.0,13457551250.0,0.0,175345000.0,0.0,1183071015.625,768870000.0,359526015.625,176336992.1875,132253007.8125,132253007.8125,1250174062.5,4.74399995803833,9.0,2770396156.7382812,2770396156.7382812
0,000995,2426,18.56,18.08,17.83,19.4,17.83,11:29:48.870,11298145,-1856,401676,2,748233024.0,201753,199924,0,810436,18.53,18.56,117,294,18.52,18.58,113,147,18.51,18.59,536,145,18.5,18.6,275,108,18.49,18.61,22,8,"(5172,)",0,0,0,0,0.49,2426,177408007.8125,4,37,20260106,20000807,177408007.8125,12150000.0,226256406.25,1134695234.375,0.0,0.0,-399.9999910593033,4855525000.0,2586547031.25,785446015.625,1389355000.0,37164.0,3368780000.0,11787000.732421877,5612215000.0,1474619062.5,870830000.0,301684003.90625,51717998.046875,-62281000.9765625,0.0,-143362001.953125,-199111992.1875,1939592031.25,-64571000.9765625,-71009003.90625,-71359003.90625,-5970288125.0,0.8309999704360962,9.0,3292692625.0,3292692625.0
0,001201,746,15.09,15.04,15.12,15.17,15.03,11:29:50.952,11298492,-1509,20563,1,31074282.0,9285,11279,0,2253,15.09,15.1,42,90,15.08,15.11,131,9,15.07,15.12,262,9,15.06,15.13,112,30,15.05,15.14,105,22,"(4405,)",0,0,0,0,0.0,746,203134609.375,12,17,20251031,20210428,257784003.90625,10030000.0,-769769609.375,10658586250.0,0.0,0.0,399.9999910593033,62069500000.0,15217467500.0,39648027500.0,292557011.71875,17738.0,16126097500.0,34490000.0,27323735000.0,33970587500.0,15997973750.0,13086522500.0,59460000.0,149610996.09375,-22181000.9765625,1357055000.0,-111141005.859375,8924263125.0,131989003.90625,112746992.1875,114675000.0,3657101875.0,13.178000450134276,9.0,3065301255.46875,3065301255.46875
0,001202,1206,18.18,18.16,18.18,18.33,18.06,11:29:49.098,11298183,-1818,26430,25,47930620.0,14851,11580,0,3836,18.17,18.18,78,55,18.16,18.19,57,218,18.15,18.2,70,863,18.14,18.21,26,30,18.13,18.22,42,294,"(5556,)",0,0,0,0,-0.04,1206,116824003.90625,12,8,20260122,20210429,166691093.75,16580000.0,676460937.5,7142177500.0,0.0,0.0,3600.0001430511475,18668292500.0,5914232500.0,5828293125.0,2141014062.5,12026.0,4828244062.5,-868000.0305175781,3718671250.0,8363550625.0,13031921250.0,11409627500.0,1674668906.25,782852968.75,0.0,114687001.953125,-367931015.625,268134003.90625,745766015.625,462591015.625,592443007.8125,2675222187.5,5.017000198364258,9.0,2123860391.015625,2123860391.015625
0,001205,676,16.2,16.16,16.2,16.3,16.15,11:29:50.286,11298381,-1620,19220,3,31185680.0,11788,7432,0,2284,16.19,16.2,127,58,16.18,16.21,305,123,16.17,16.22,523,131,16.16,16.23,301,145,16.15,16.24,513,71,"(52,)",0,0,0,0,0.06,676,159502304.6875,26,8,20260105,20210513,188003496.09375,16550000.0,1347378750.0,11307730000.0,0.0,0.0,3899.999856948853,45663580000.0,4999668125.0,35990905000.0,0.0,13486.0,11388382500.0,1618715937.5,10079421250.0,21196877500.0,10794996250.0,8268193750.0,1232661015.625,898346953.125,-101000.00381469728,3440285937.5,-1358525000.0,682492031.25,925208984.375,774125937.5,732625000.0,8351121875.0,11.072999954223633,9.0,2583937335.9375,2583937335.9375
0,001206,785,25.0,24.99,25.05,25.23,24.85,11:29:45.006,11297501,-2500,10741,21,26813684.0,5526,5215,0,2305,25.0,25.01,2,11,24.98,25.02,15,106,24.97,25.03,213,195,24.96,25.04,220,34,24.95,25.05,311,40,"(2612,)",0,0,0,0,0.08,785,106315498.046875,9,38,20260203,20210518,184893808.59375,12410000.0,1509316875.0,13156175000.0,0.0,0.0,8500.00023841858,22001647500.0,14201026250.0,5758148125.0,462308007.8125,18089.0,3117090000.0,0.0,11199457500.0,18707806250.0,13060961250.0,10433161250.0,3170041875.0,2102060937.5,148717001.953125,2635000937.5,406093984.375,1489657968.75,2096045000.0,1567010000.0,1567010000.0,4964946250.0,10.118000030517578,9.0,2657887451.171875,2657887451.171875
0,001209,1779,24.08,24.8,24.14,24.88,23.87,11:29:45.558,11297593,-2408,57305,9,139141008.0,32048,25257,0,37320,24.07,24.1,20,2,24.05,24.11,15,26,24.04,24.12,14,9,24.03,24.13,32,4,24.02,24.18,93,13,"(884,)",0,0,0,0,-0.16,1779,96094599.609375,12,41,20251031,20210723,131522695.3125,12180000.0,718968437.5,11576952500.0,0.0,0.0,1299.9999523162842,19550745000.0,9614930000.0,5605430000.0,3306821250.0,16687.0,5035039062.5,-12229000.244140623,7502377500.0,12848367500.0,12287052500.0,8424636250.0,856494062.5,262455000.0,10023999.633789062,-281788984.375,-1483257031.25,5776726250.0,273337988.28125,169488007.8125,172198007.8125,4169123750.0,9.769000053405762,9.0,2313957958.59375,2313957958.59375
0,001210,1019,23.71,23.08,23.4,23.86,23.01,11:29:45.780,11297630,-2371,17366,4,40939624.0,6768,10598,0,4048,23.7,23.71,10,17,23.69,23.72,3,40,23.61,23.78,10,4,23.6,23.79,50,2,23.57,23.8,6,424,"(1973,)",0,0,0,0,-0.16,1019,95299003.90625,7,42,20251025,20210729,156812695.3125,13440000.0,629539882.8125,6299918125.0,0.0,0.0,5699.999928474426,20558973750.0,11036776250.0,5577005625.0,1595920000.0,11556.0,4420825000.0,860566015.625,5726255000.0,12970080000.0,6910643125.0,5082153750.0,3410660000.0,1003151953.125,10458000.48828125,-642875000.0,-2478514062.5,589062031.25,999912031.25,862742031.25,898030937.5,5140839062.5,8.270999908447266,9.0,2259539382.6171875,2259539382.6171875
0,001211,921,29.78,29.55,29.6,29.88,29.57,11:29:42.138,11297023,-2978,9864,34,29303126.0,4634,5230,0,3374,29.74,29.79,10,13,29.73,29.8,6,8,29.72,29.83,6,5,29.7,29.84,16,20,29.67,29.85,10,80,"(52,)",0,0,0,0,0.24,921,66996601.5625,28,4,20251216,20210805,72000000.0,12200000.0,141532597.65625,9277658750.0,0.0,0.0,1099.9999940395355,18562936250.0,7944556875.0,7429750000.0,1437019062.5,8642.0,8079253125.0,98282998.046875,4871682812.5,8642990625.0,10832132500.0,7268290000.0,2425667968.75,48005000.0,966999.969482422,260962011.71875,-988500000.0,3371823750.0,36031000.9765625,82667001.953125,84384003.90625,2999466875.0,12.003999710083008,9.0,1995158794.53125,1995158794.53125
0,001215,1485,43.61,43.41,44.68,45.47,43.08,11:29:33.840,11295640,-4361,38732,1,171404768.0,21847,16885,0,23770,43.61,43.62,5,2,43.6,43.64,25,1,43.59,43.65,2,5,43.58,43.68,30,2,43.54,43.69,343,1,"(53,)",0,0,0,0,-0.2,1485,96782900.390625,13,14,20251204,20210906,97160400.390625,12140000.0,815546484.375,13639276250.0,0.0,0.0,5500.00011920929,24311662500.0,9039350625.0,12461915000.0,714583984.375,9555.0,4515914062.5,-6877999.877929688,10840611250.0,18674268750.0,13776112500.0,10644610000.0,1240398046.875,679165000.0,-709000.0152587891,1113349062.5,-611973007.8125,2810209062.5,663402968.75,534895000.0,537753984.375,6451086875.0,19.21999931335449,9.0,4220702286.0351562,4220702286.0351562
0,001216,1309,18.78,18.54,18.67,18.85,18.4,11:29:48.738,11298123,-1878,43099,1,80268952.0,23607,19492,0,17979,18.77,18.78,8,200,18.76,18.79,214,180,18.75,18.8,10,404,18.74,18.81,116,135,18.72,18.82,40,261,"(52,)",0,0,0,0,0.32,1309,246023906.25,21,4,20251027,20211019,251866699.21875,12300000.0,1685051718.75,9824150625.0,0.0,0.0,7500.0,21909947500.0,11746085000.0,5517945000.0,1043637031.25,16295.0,2731633125.0,92805000.0,5565220000.0,18083686250.0,11329422500.0,7523440000.0,1340437031.25,2155400937.5,97610000.0,2897410937.5,3347746250.0,1605111093.75,2134842968.75,1871238125.0,1890173125.0,9069475000.0,7.179999828338623,9.0,4620328959.375,4620328959.375
0,001217,1122,12.98,12.79,12.8,13.11,12.72,11:29:52.218,11298703,-1298,47554,11,61608160.0,21823,25732,0,49344,12.98,12.99,4,51,12.97,13.0,233,161,12.96,13.01,164,110,12.95,13.02,282,234,12.94,13.03,386,19,"(3317,)",0,0,0,0,-0.07,1122,328583007.8125,24,19,20251027,20210929,331870000.0,12260000.0,802719531.25,12071511250.0,0.0,0.0,700.0000029802322,34730335000.0,9857815000.0,22075535000.0,824857031.25,21798.0,11308501250.0,0.0,8486531875.0,22485725000.0,15219118750.0,14109537500.0,438800000.0,302638984.375,31771999.51171875,1126205000.0,-549755000.0,1823325937.5,355363984.375,219831015.625,219831015.625,9013275000.0,6.775000095367432,9.0,4265007441.40625,4265007441.40625
0,001218,1239,25.95,25.8,26.13,26.29,25.48,11:29:44.436,11297406,-2595,16124,5,41582584.0,8291,7834,0,1986,25.94,25.97,4,9,25.93,25.98,5,54,25.92,25.99,5,8,25.91,26.01,4,2,25.9,26.05,27,20,"(3892,)",0,0,0,0,0.0,1239,92907197.265625,21,19,20260203,20211015,130178300.78125,12260000.0,759048593.75,25759925000.0,0.0,0.0,7699.999809265137,30768880000.0,17585676250.0,7952078125.0,1596205937.5,12436.0,7096852500.0,0.0,13183043750.0,22747452500.0,34798312500.0,31309975000.0,4930678750.0,1034671015.625,23120000.0,2282996093.75,-1381125937.5,4084565000.0,1037287031.25,1005037968.75,1005037968.75,7683731875.0,17.474000930786133,9.0,2410941769.0429688,2410941769.0429688
0,001219,977,14.97,14.94,15.1,15.1,14.87,11:29:51.024,11298504,-1497,20718,20,30990242.0,11735,8983,0,11763,14.95,14.97,102,6,14.94,14.98,80,27,14.93,14.99,838,65,14.92,15.0,16,83,14.91,15.01,34,21,"(2036,)",0,0,0,0,0.07,977,190122109.375,15,14,20251218,20211021,194983808.59375,12140000.0,866002812.5,3952648437.5,0.0,0.0,4799.999892711639,12862685000.0,9172463125.0,298750996.09375,138287998.046875,15060.0,2215989062.5,15780000.0,2629677812.5,10618410000.0,4234198125.0,2555420000.0,195153007.8125,1247632031.25,94852001.953125,1271298046.875,132181005.859375,229278007.8125,1237141015.625,928770000.0,927690000.0,5402407500.0,5.446000099182129,9.0,2846127977.34375,2846127977.34375
0,001220,1822,47.88,48.09,48.07,48.57,47.36,11:29:31.278,11295213,-4788,35668,27,170576912.0,19852,15817,0,47637,47.86,47.88,11,2,47.84,47.9,1,1,47.83,47.95,24,26,47.81,47.97,3,2,47.8,48.0,22,105,"(20980,)",0,0,0,0,-0.09,1822,22608601.07421875,7,8,20260203,20260203,92290000.0,16540000.0,0.0,0.0,0.0,0.0,11799.999475479126,11186865000.0,6569606250.0,2211035000.0,1595026875.0,44128.0,1739667031.25,0.0,1370250937.5,9380992500.0,6613340000.0,4990460937.5,2841186875.0,1360107968.75,15360999.755859377,2192824062.5,180526992.1875,0.0,1352026875.0,1092044062.5,1092044062.5,6898681250.0,16.211000442504883,9.0,1082499819.4335938,1082499819.4335938
0,001221,1537,73.92,72.86,72.85,75.4,70.0,11:29:15.654,11292609,-7392,25828,12,188775568.0,12183,13646,0,19670,73.82,73.94,1,5,73.81,73.96,5,15,73.8,73.99,53,2,73.78,74.0,122,32,73.77,74.33,19,51,"(4596,)",0,0,0,0,0.15,1537,36008999.0234375,12,4,20260202,20250730,400010000.0,12330000.0,0.0,0.0,0.0,0.0,13099.99942779541,42583855000.0,30206622500.0,8326384375.0,2404122031.25,13511.0,14736775000.0,0.0,5986691250.0,27402637500.0,24968192500.0,15537690000.0,1282071953.125,5660919375.0,43192001.953125,7910595000.0,8281725000.0,2276242968.75,5622843125.0,4834695000.0,4834695000.0,15952098750.0,6.85099983215332,9.0,2661785207.8125,2661785207.8125
0,001222,647,22.43,22.32,22.55,22.55,22.22,11:29:46.548,11297758,-2243,6504,14,14544495.0,3765,2740,0,1511,22.43,22.44,10,6,22.42,22.45,24,32,22.41,22.46,10,29,22.4,22.47,51,1,22.39,22.48,15,4,"(5173,)",0,0,0,0,0.04,647,107409902.34375,28,50,20251030,20220818,190890000.0,12410000.0,1197396171.875,9307911250.0,0.0,0.0,6899.999976158142,18355050000.0,12269980000.0,4021885000.0,329321015.625,13616.0,2198059062.5,1837421093.75,4998876250.0,14245690000.0,12812965000.0,9867857500.0,3321832812.5,1693015000.0,8905000.0,165456015.625,-496581992.1875,3096636875.0,1685435000.0,1578659062.5,1302151953.125,6928080000.0,7.4629998207092285,9.0,2409204109.5703125,2409204109.5703125
0,001225,880,78.6,74.62,76.5,80.2,74.92,11:29:12.846,11292141,-7860,11392,10,89518368.0,4571,6821,0,383,78.55,78.6,6,179,78.5,79.05,21,3,78.41,79.13,1,12,78.15,79.2,30,3,78.11,79.38,18,4,"(820,)",0,0,0,0,-0.24,880,21038798.828125,28,26,20251031,20230222,65866801.7578125,12340000.0,424755390.625,1803097031.25,0.0,0.0,4900.000095367432,15456662500.0,9707105000.0,2015661875.0,502775000.0,6967.0,1551350000.0,0.0,9201699375.0,13810370000.0,1812143906.25,1177207031.25,316359003.90625,344926992.1875,20332000.732421875,307033007.8125,-3530165000.0,1097294062.5,342851992.1875,314930000.0,314930000.0,3743334062.5,20.96699905395508,9.0,1653649587.8906248,1653649587.8906248
0,001226,738,50.22,50.69,51.19,51.19,49.66,11:29:29.874,11294979,-5022,8325,48,41930024.0,4416,3909,0,3942,50.21,50.3,11,6,50.2,50.31,15,11,50.19,50.32,11,12,50.18,50.38,81,1,50.17,50.39,6,5,"(53,)",0,0,0,0,0.02,738,33926699.21875,24,26,20251031,20220622,74666699.21875,12340000.0,153366201.171875,4414553750.0,0.0,0.0,2199.999988079071,11729272500.0,7320038125.0,2466938125.0,435162031.25,10322.0,3871218125.0,0.0,4840615937.5,7287409375.0,4940087187.5,4330715000.0,2785084062.5,177396992.1875,23908000.48828125,745658984.375,275816992.1875,931536015.625,175886992.1875,165205000.0,165260000.0,1466585000.0,9.760000228881836,9.0,1703798834.765625,1703798834.765625
0,001228,1121,31.82,31.22,31.19,32.09,30.91,11:29:40.914,11296819,-3182,18817,1,59584832.0,7838,10980,0,11322,31.82,31.83,2,3,31.8,31.84,50,15,31.79,31.85,21,1,31.78,31.86,23,22,31.77,31.88,21,8,"(4149,)",0,0,0,0,0.03,1121,79864599.609375,28,8,20260205,20220429,103864599.609375,21720000.0,904870703.125,29831215000.0,0.0,0.0,9300.000071525574,45613290000.0,28148520000.0,6610578125.0,3917068125.0,10510.0,24441202500.0,1332365937.5,9189600000.0,17100270000.0,39903290000.0,36765285000.0,7367935000.0,1545987968.75,65815000.0,-1578090000.0,2776200937.5,5878851250.0,1532960000.0,1083012031.25,955128984.375,7377717500.0,16.464000701904297,9.0,2541291559.5703125,2541291559.5703125
0,001229,934,38.22,37.41,38.0,38.26,37.76,11:29:37.074,11296179,-3822,7654,1,29120126.0,2885,4769,1,6612,38.21,38.23,2,2,38.19,38.24,5,25,38.18,38.25,18,16,38.16,38.26,2,20,38.14,38.29,14,10,"(52,)",0,0,0,0,-0.02,934,52679399.4140625,12,24,20251210,20220808,102451503.90625,12390000.0,521330898.4375,1173959296.875,0.0,0.0,4000.000059604645,10432030000.0,5996390000.0,1243937968.75,1390805000.0,12887.0,678675937.5,2162999.8779296875,5759066250.0,9729543125.0,1322040000.0,474270000.0,631331015.625,480124023.4375,24800000.0,870094062.5,464371015.625,282146992.1875,476593007.8125,401884023.4375,401953984.375,2595142031.25,9.729000091552734,9.0,2013406645.6054688,2013406645.6054688
0,001230,2022,26.43,24.7,25.16,26.74,25.01,11:29:44.148,11297358,-2643,79214,2,207873104.0,33477,45737,0,13410,26.43,26.49,3,9,26.42,26.5,78,24,26.41,26.51,45,21,26.4,26.52,76,10,26.39,26.53,24,19,"(1461,)",0,0,0,0,-0.25,2022,78557299.8046875,24,39,20260120,20220715,134226103.515625,23780000.0,1141967812.5,11472108750.0,0.0,0.0,9399.999976158142,32887570000.0,21295415000.0,3220869062.5,5700095000.0,13338.0,6634843125.0,1020432968.75,11436615000.0,19314062500.0,11762560000.0,8548756250.0,12213511250.0,1636337968.75,124412998.046875,476800976.5625,1908670000.0,821340000.0,1597432968.75,1426245937.5,1248803046.875,6367376250.0,14.388999938964844,9.0,2076269433.8378906,2076269433.8378906
0,001231,1177,25.19,25.07,25.07,25.3,25.01,11:29:44.892,11297482,-2519,19800,2,49858600.0,9931,9869,0,6644,25.19,25.2,11,15,25.18,25.21,36,29,25.17,25.22,102,3,25.16,25.24,118,65,25.15,25.25,41,123,"(53,)",0,0,0,0,0.0,1177,49905000.0,8,28,20260128,20220819,99940000.0,12260000.0,351284609.375,4768384062.5,0.0,0.0,4000.000059604645,14553756250.0,6727356250.0,3200685937.5,399153007.8125,16344.0,3157324062.5,54476000.9765625,5369153125.0,9890765625.0,5500706875.0,3955235937.5,2157727968.75,438162968.75,21788999.0234375,-1122325000.0,-836112968.75,1494155000.0,436693007.8125,364390976.5625,398011015.625,3315030000.0,9.890999794006348,9.0,1257106950.0,1257106950.0
0,001233,1248,78.2,77.45,77.73,80.07,77.72,11:29:13.086,11292181,-7820,15179,3,119969416.0,7409,7770,0,1788,78.19,78.32,1,6,78.13,78.48,1,1,78.11,78.49,1,2,78.1,78.6,1,22,78.06,78.67,1,10,"(53,)",0,0,0,0,-0.07,1248,35385900.87890625,20,7,20251125,20251125,185973300.78125,12290000.0,0.0,0.0,0.0,0.0,24800.000190734863,37051590000.0,22640000000.0,10709257500.0,179370996.09375,65957.0,7239390000.0,0.0,7169443750.0,28355600000.0,16186250000.0,8811190000.0,7877217500.0,5407230625.0,-1403000.030517578,2588367968.75,909592968.75,4685651250.0,5404200000.0,4621523750.0,4621523750.0,19219545000.0,26.57999992370605,9.0,2767177448.7304688,2767177448.7304688
0,001234,520,27.92,27.98,28.1,28.19,27.77,11:29:43.254,11297209,-2792,5233,1,14615730.0,2977,2257,0,1096,27.91,27.92,18,1,27.89,27.93,20,7,27.88,27.94,15,24,27.87,27.95,58,1,27.85,27.98,57,8,"(5813,)",0,0,0,0,0.11,520,91520498.046875,26,41,20251027,20220111,109413701.171875,12180000.0,650215781.25,6651598750.0,0.0,0.0,3199.9999284744263,11591827500.0,7478561875.0,3066355000.0,258588984.375,18999.0,2418536875.0,0.0,5735357500.0,9130971875.0,6237980000.0,5179585937.5,2238290000.0,377510000.0,35661999.51171875,252003007.8125,-731165000.0,1445854062.5,374088984.375,345435000.0,345435000.0,2115535000.0,8.345000267028809,9.0,2555252305.46875,2555252305.46875
0,001239,1102,16.92,16.75,16.8,16.98,16.8,11:29:49.854,11298309,-1692,18819,31,31838068.0,8435,10384,0,2587,16.91,16.92,40,40,16.9,16.93,222,22,16.89,16.94,29,167,16.88,16.95,120,363,16.87,16.96,42,597,"(1333,)",0,0,0,0,-0.05,1102,114000000.0,21,26,20260106,20231212,240000000.0,12330000.0,451594687.5,4276168437.5,0.0,0.0,3000.0001192092896,41345352500.0,31630185000.0,6489200000.0,1387754062.5,17977.0,12345295000.0,6756435000.0,7794892500.0,13781467500.0,15259387500.0,13019432500.0,8544400625.0,1479885000.0,46947001.953125,44796000.9765625,103350000.0,9106222500.0,1480117968.75,1299587031.25,719518984.375,3295787812.5,5.742000102996826,9.0,1928880000.0000002,1928880000.0000002
0,001255,1279,40.35,39.71,40.08,40.5,39.71,11:29:35.796,11295966,-4035,16946,3,68097976.0,6508,10438,0,8938,40.35,40.36,9,20,40.34,40.38,5,133,40.32,40.39,28,2,40.31,40.4,6,19,40.3,40.44,30,9,"(2613,)",0,0,0,0,0.15,1279,71056000.9765625,28,16,20260206,20220930,87122197.265625,12260000.0,124035800.78125,2518414843.75,0.0,0.0,900.0000357627869,14032412500.0,5705980000.0,5612482500.0,1285275000.0,8361.0,4274156875.0,-4840000.0,3937142187.5,7386156250.0,3325146250.0,2328661875.0,3166914062.5,56500000.0,-3140000.0,-145865000.0,-421075976.5625,816225937.5,66412998.046875,47005000.0,72047998.046875,2658425000.0,9.086999893188477,9.0,2867109639.404297,2867109639.404297
0,001256,895,22.4,22.21,22.34,22.49,22.11,11:29:46.566,11297761,-2240,9668,2,21594036.0,4047,5621,0,626,22.38,22.39,13,4,22.37,22.4,1,8,22.35,22.41,4,7,22.34,22.42,5,16,22.33,22.43,5,7,"(52,)",0,0,0,0,-0.03,895,106912597.65625,28,26,20251230,20221205,142612597.65625,12350000.0,801469062.5,3821193125.0,0.0,0.0,5699.999928474426,15851830000.0,8290665625.0,2580215000.0,446477968.75,9526.0,3644715937.5,0.0,6984185000.0,12086705000.0,4095555937.5,2719830000.0,132250000.0,933717968.75,150687001.953125,650085000.0,-283720000.0,2062626875.0,933448046.875,811181953.125,811181953.125,3332685000.0,8.475000381469727,9.0,2394842187.5,2394842187.5
0,001259,905,34.48,34.12,34.34,34.97,33.83,11:29:39.318,11296553,-3448,7797,9,26724892.0,3705,4092,0,2266,34.42,34.43,3,1,34.39,34.44,2,5,34.36,34.51,1,7,34.33,34.52,10,19,34.32,34.53,2,3,"(53,)",0,0,0,0,0.23,905,47544501.953125,7,23,20251211,20220831,73588901.3671875,12380000.0,100983701.171875,2623686250.0,0.0,0.0,599.9999865889549,8388121875.0,4002323750.0,232149003.90625,563276992.1875,6584.0,1009308984.375,45142998.046875,3985730000.0,7142430000.0,2869056875.0,2082714062.5,559448007.8125,-7397000.122070312,0.0,140153007.8125,-1526920937.5,800687031.25,-8194000.244140625,33755000.0,41639003.90625,2414732968.75,9.706000328063965,9.0,1639334427.3437498,1639334427.3437498
0,001260,1111,23.05,23.07,23.22,23.38,22.67,11:29:46.176,11297696,-2305,17571,2,40297308.0,8392,9179,0,15604,23.05,23.08,27,27,23.04,23.09,14,2,23.03,23.1,3,19,23.01,23.11,9,3,23.0,23.12,28,2,"(53,)",0,0,0,0,-0.03,1111,31750000.0,15,7,20251201,20230216,115000000.0,12360000.0,410614218.75,4532464062.5,0.0,0.0,3199.9999284744263,10696277500.0,5313580625.0,4355528125.0,364963984.375,9693.0,2177160937.5,14719000.244140623,4798268125.0,8275263125.0,4242098125.0,3064735000.0,1911365937.5,427465000.0,1172999.9542236328,759700000.0,-245571992.1875,943996015.625,439160000.0,373495000.0,373476015.625,1975688125.0,7.196000099182129,9.0,731837500.0,731837500.0
