market,code,active1,price,last_close,open,high,low,servertime,reversed_bytes0,reversed_bytes1,vol,cur_vol,amount,s_vol,b_vol,reversed_bytes2,reversed_bytes3,bid1,ask1,bid_vol1,ask_vol1,bid2,ask2,bid_vol2,ask_vol2,bid3,ask3,bid_vol3,ask_vol3,bid4,ask4,bid_vol4,ask_vol4,bid5,ask5,bid_vol5,ask_vol5,reversed_bytes4,reversed_bytes5,reversed_bytes6,reversed_bytes7,reversed_bytes8,reversed_bytes9,active2,liutongguben,province,industry,updated_date,ipo_date,zongguben,guojiagu,faqirenfarengu,farengu,bgu,hgu,zhigonggu,zongzichan,liudongzichan,gudingzichan,wuxingzichan,gudongrenshu,liudongfuzhai,changqifuzhai,zibengongjijin,jingzichan,zhuyingshouru,zhuyinglirun,yingshouzhangkuan,yingyelirun,touzishouyu,jingyingxianjinliu,zongxianjinliu,cunhuo,lirunzonghe,shuihoulirun,jinglirun,weifenpeilirun,meigujingzichan,baoliu2,liutongguben_raw,liutongguben_factor,流通盘,circulating,turnover_low_ratio,turnover_low_ok,ma20,ma20_support_ok
0,000526,1318,38.34,38.4,38.68,38.69,38.15,14:59:46.201,14996167,-3834,14338,196,55019512.0,8264,6075,0,4293,38.33,38.34,13,41,38.32,38.35,47,43,38.31,38.36,6,47,38.3,38.37,13,65,38.29,38.38,27,45,"(4950,)",0,0,0,0,0.03,1318,119459501.953125,20,18,20251105,19931101,121861103.515625,25830000.0,1757280000.0,22468170000.0,0.0,0.0,19500.00047683716,42322980000.0,15716176250.0,1927821093.75,78358002.9296875,16988.0,27625010000.0,-276324003.90625,9569590625.0,9972450000.0,26129512500.0,17281623750.0,111062998.046875,2885261875.0,136429003.90625,7617811250.0,-904396953.125,233398007.8125,2847046250.0,2266232031.25,2311136875.0,219426992.1875,8.184000015258789,9.0,119459501.953125,1,4580077304.8828125,4580077304.8828125,0.9,True,7.995,True
0,000576,2458,10.78,10.63,10.71,10.9,10.63,14:59:56.123,14998923,-1078,83720,566,90175592.0,42722,40998,0,3224,10.78,10.79,463,98,10.77,10.8,79,396,10.76,10.81,328,100,10.75,10.82,339,183,10.74,10.83,90,172,"(86,)",0,0,0,0,0.0,2458,433815312.5,12,29,20251025,19940907,436418203.125,12390000.0,200283808.59375,2783806562.5,0.0,0.0,1800.0000715255735,22607022500.0,10497832500.0,1083208984.375,262193984.375,37910.0,3087855937.5,598833007.8125,6696043750.0,16513701250.0,3611437812.5,1967300937.5,4618062187.5,736362031.25,433380000.0,113981992.1875,-84582001.953125,2612389062.5,1045562968.75,795052031.25,775312968.75,4405407812.5,3.783999919891357,9.0,433815312.5,1,4676529068.75,4676529068.75,0.8,True,7.928,True
0,000590,2369,12.28,11.76,11.87,12.42,11.87,14:59:55.583,14998773,-1228,117694,969,144010656.0,42534,75161,0,16642,12.28,12.29,444,459,12.27,12.3,108,921,12.26,12.31,78,593,12.25,12.32,174,178,12.24,12.33,99,74,"(3734,)",0,0,0,0,0.08,2369,239371406.25,21,34,20251223,19960119,239471308.59375,12270000.0,-284544707.03125,2162311875.0,0.0,0.0,-599.9999865889549,9455893125.0,4312295000.0,2845903750.0,1261262968.75,17617.0,1624625000.0,24270000.0,4740643125.0,5834255000.0,2248157031.25,1198992031.25,32345000.0,-123868007.8125,922999.9542236328,331316992.1875,-195907988.28125,1149050937.5,-127360996.09375,-150629003.90625,-148206005.859375,-1760085000.0,2.436000108718872,9.0,239371406.25,1,2939480868.75,2939480868.75,1.0,True,7.835500000000001,True
0,000626,1633,7.75,7.74,7.81,7.83,7.72,14:59:57.214,14999226,-775,52890,383,41024376.0,26954,25936,0,2046,7.75,7.76,155,397,7.74,7.77,644,1417,7.73,7.78,602,408,7.72,7.79,1041,680,7.71,7.8,557,479,"(22,)",0,0,0,0,0.13,1633,503716484.375,26,13,20251027,19961128,506626914.0625,15510000.0,-760738203.125,666028720000.0,0.0,0.0,599.9999865889549,84251170000.0,70833560000.0,4191601875.0,1166690000.0,22483.0,54422830000.0,2434477968.75,13182611250.0,23759547500.0,634836840000.0,632456760000.0,12269910000.0,712163984.375,2135000937.5,-4645909062.5,-1755871093.75,10092249375.0,808991015.625,467078984.375,321810000.0,5134396875.0,4.690000057220459,9.0,503716484.375,1,3903802753.90625,3903802753.90625,1.0,True,7.667500000000001,True
0,000635,1694,10.22,10.17,10.22,10.3,10.11,14:59:56.324,14998979,-1022,50858,548,51920000.0,28636,22223,1,501,10.22,10.23,69,119,10.21,10.24,22,293,10.2,10.25,130,346,10.19,10.26,209,144,10.17,10.27,30,56,"(5078,)",0,0,0,0,0.1,1694,303087597.65625,14,19,20260203,19961120,394133593.75,12260000.0,-2579159062.5,13759887500.0,0.0,0.0,-7900.000214576721,29931522500.0,7968965625.0,19440615000.0,604281992.1875,20348.0,12829900000.0,0.0,24680805000.0,15433193750.0,12800352500.0,14251660000.0,435480000.0,-2443189062.5,1031000.0610351562,-3055826875.0,4333207812.5,945369062.5,-2407000000.0,-2474253906.25,-2474253906.25,-14513476250.0,3.9159998893737793,9.0,303087597.65625,1,3097555248.046875,3097555248.046875,1.0,True,7.8115,True
0,000668,589,14.06,13.94,13.8,14.26,13.78,14:59:54.942,14998595,-1406,18937,182,26548332.0,9858,9079,1,2594,14.06,14.07,29,64,14.05,14.08,108,43,14.01,14.1,18,120,14.0,14.13,274,58,13.98,14.14,51,103,"(22,)",0,0,0,0,0.36,589,146841904.296875,15,11,20260204,19961210,146841904.296875,20700000.0,-343300781.25,387380390.625,0.0,0.0,-1899.999976158142,12838371250.0,5843795000.0,11155999.755859377,720000.0,4536.0,4196735937.5,92030000.0,898896953.125,7063688125.0,1849923125.0,1808518906.25,689167031.25,-323054003.90625,0.0,-187010000.0,-434893007.8125,4750803125.0,-339803007.8125,-277766992.1875,-274040000.0,3571830937.5,4.809999942779541,9.0,146841904.296875,1,2064597174.4140625,2064597174.4140625,0.95,True,8.060500000000001,True
0,000691,959,8.51,8.54,8.48,8.65,8.4,14:59:56.940,14999150,-851,52385,849,44685672.0,27707,24678,-3,11719,8.51,8.53,46,200,8.5,8.54,951,569,8.49,8.55,236,1088,8.48,8.56,120,339,8.47,8.57,77,122,"(2902,)",0,0,0,0,-0.22,959,323270000.0,4,19,20260204,19970228,484905000.0,12260000.0,-210231191.40625,3484459375.0,0.0,0.0,-1199.99997317791,5719617500.0,2928930000.0,2209980000.0,240788984.375,15659.0,5161551250.0,1258521953.125,1862900937.5,-1028495000.0,3526185937.5,3152439062.5,634235000.0,-248484003.90625,77999.99713897705,105703007.8125,51478999.0234375,838130937.5,-420968984.375,-417827968.75,-381348007.8125,-6277146875.0,-0.3179999887943268,9.0,323270000.0,1,2751027700.0,2751027700.0,0.95,True,8.1515,True
0,000702,1958,7.2,7.1,7.14,7.2,7.07,14:59:57.412,14999281,-720,60425,1316,43259916.0,23551,36875,0,1292,7.19,7.2,449,1316,7.18,7.21,789,1790,7.17,7.22,69,4348,7.16,7.23,28,240,7.15,7.24,514,264,"(5398,)",0,0,0,0,0.14,1958,266634609.375,21,17,20251028,19970318,346625000.0,12130000.0,-222408808.59375,7847202500.0,0.0,0.0,-299.99999329447746,5055842187.5,2194817031.25,1261951953.125,59396000.9765625,31981.0,2025075000.0,-587312968.75,4365423125.0,3520348750.0,7968913125.0,7408031250.0,798817031.25,-101769003.90625,1779000.0915527344,-361137968.75,-2281807968.75,864192031.25,-99528994.140625,-101607001.953125,-104797998.046875,-4844605937.5,1.0160000324249268,9.0,266634609.375,1,1919769187.5,1919769187.5,1.0,True,6.623,True
0,000705,1523,9.61,9.51,9.59,9.64,9.55,14:59:56.544,14999040,-961,53442,694,51299680.0,25583,27859,0,11096,9.6,9.61,480,7,9.59,9.62,119,470,9.58,9.63,541,1238,9.57,9.64,217,938,9.56,9.65,170,743,"(22,)",0,0,0,0,-0.09,1523,281960703.125,28,12,20251031,19970410,334123281.25,15510000.0,435689414.0625,28516245000.0,0.0,0.0,1700.0000178813934,30307602500.0,14712365000.0,7279580000.0,1004245000.0,35792.0,6772028125.0,0.0,5197368125.0,20174685000.0,17796306250.0,13179162500.0,3187190000.0,669986015.625,333143984.375,300290000.0,-113631992.1875,4989335000.0,651073007.8125,560447031.25,560599023.4375,9790855000.0,6.038000106811523,9.0,281960703.125,1,2709642357.03125,2709642357.03125,1.0,True,6.808,True
0,000713,1750,6.85,6.84,6.86,6.86,6.82,14:59:57.538,14999316,-685,102498,1000,70102376.0,62296,40203,0,6003,6.84,6.85,1990,1988,6.83,6.86,6120,1339,6.82,6.87,4424,778,6.81,6.88,2648,1151,6.8,6.89,7783,776,"(5910,)",0,0,0,0,0.0,1750,614015000.0,24,17,20260202,19970422,798219531.25,10050000.0,-710513437.5,17204847500.0,0.0,0.0,-1500.0000596046448,35230580000.0,21051065000.0,5612451250.0,2605852968.75,67378.0,13275597500.0,758927031.25,4471451250.0,19058286250.0,15255948750.0,13858056250.0,2664196250.0,-958367031.25,18307000.732421875,1364962031.25,1204000000.0,9876150000.0,-973710000.0,-977200937.5,-907137968.75,7355656250.0,3.1040000915527344,9.0,614015000.0,1,4206002750.0,4206002750.0,0.85,True,6.648000000000001,True
0,000715,2047,6.55,6.48,6.48,6.6,6.42,14:59:57.646,14999346,-655,152798,3658,99452128.0,80898,71901,0,2935,6.54,6.55,1280,1386,6.53,6.56,542,1260,6.52,6.57,428,941,6.51,6.58,484,666,6.5,6.59,1110,1690,"(5782,)",0,0,0,0,0.0,2047,538993398.4375,5,12,20260202,19970508,540434609.375,15520000.0,552588007.8125,5663524375.0,0.0,0.0,1299.9999523162842,26964647500.0,10314036250.0,5759896250.0,1546284062.5,20000.0,6180342500.0,12140000.0,590514023.4375,19645668750.0,5619950000.0,2522025000.0,17996999.51171875,909071953.125,8832000.122070312,977455937.5,-365893007.8125,726280000.0,911790000.0,685752968.75,684145000.0,11472210000.0,3.634999990463257,9.0,538993398.4375,1,3530406759.765625,3530406759.765625,0.9,True,6.384,True
0,000726,2177,7.65,7.67,7.69,7.73,7.61,14:59:57.250,14999236,-765,102079,647,78065200.0,63373,38706,0,1938,7.64,7.65,887,650,7.63,7.66,3281,530,7.62,7.67,2819,536,7.61,7.68,2960,1444,7.6,7.69,1132,370,"(2582,)",0,0,0,0,0.0,2177,589117812.5,15,15,20260106,20001225,817307031.25,12170000.0,2878533750.0,44010720000.0,226125996.09375,0.0,6200.000047683716,141683210000.0,66280460000.0,56906760000.0,3251611875.0,46011.0,16208961250.0,3173526875.0,1789290937.5,97532310000.0,42998195000.0,33037487500.0,7764925000.0,5868192500.0,2510206093.75,4091805000.0,1915618906.25,21565720000.0,5917282500.0,5121850000.0,5026715937.5,72723755000.0,11.845999717712402,9.0,589117812.5,1,4506751265.625,4506751265.625,1.0,True,6.567,True
0,000731,1867,6.98,6.86,6.9,6.99,6.88,14:59:57.491,14999303,-698,113515,475,78940360.0,39535,73981,0,3416,6.97,6.98,108,2123,6.96,6.99,1080,1531,6.95,7.0,387,1561,6.94,7.01,225,1509,6.93,7.02,826,700,"(6294,)",0,0,0,0,0.14,1867,548825898.4375,23,28,20260202,19970617,548825898.4375,12260000.0,1893807968.75,28684725000.0,0.0,0.0,-99.99999776482582,51678615000.0,30194862500.0,17905886250.0,1702906093.75,37821.0,5363428125.0,3378740000.0,4465371875.0,40329062500.0,27171622500.0,24427205000.0,908228046.875,77640996.09375,258870996.09375,-857367031.25,-328787031.25,4828705000.0,75439003.90625,-82760000.0,-72902001.953125,26462477500.0,7.217000007629394,9.0,548825898.4375,1,3830804771.09375,3830804771.09375,1.0,True,6.581999999999999,True
0,000752,650,10.86,10.88,10.86,10.95,10.82,14:59:56.094,14998915,-1086,22297,430,24225208.0,13650,8647,-1,825,10.86,10.87,53,127,10.85,10.88,1140,219,10.84,10.89,572,421,10.83,10.9,708,167,10.82,10.91,383,50,"(790,)",0,0,0,0,0.0,650,263758496.09375,31,37,20260126,19970625,263758496.09375,12150000.0,239918691.40625,2994596250.0,0.0,0.0,5500.00011920929,14077498750.0,10596365000.0,1422501875.0,52510996.09375,15873.0,2012317031.25,5583532500.0,5458403750.0,6147163750.0,3251251875.0,1861976875.0,101999.99809265137,2729940000.0,-22025000.0,1012953046.875,3992471250.0,353084023.4375,2773111875.0,2538514062.5,1449070000.0,-2641075000.0,2.3310000896453857,9.0,263758496.09375,1,2864417267.578125,2864417267.578125,1.0,True,6.4915,True
0,000779,2599,9.19,8.89,8.94,9.24,8.88,14:59:56.695,14999082,-919,168519,3302,152999520.0,50405,118114,1,2280,9.18,9.19,939,269,9.17,9.2,410,1611,9.16,9.21,164,817,9.15,9.22,243,1563,9.14,9.23,920,623,"(1430,)",0,0,0,0,0.0,2599,464774687.5,4,21,20260202,19970528,464829492.1875,22740000.0,1803250312.5,13703638750.0,0.0,0.0,3400.000035762787,54431595000.0,36403130000.0,9743534375.0,1895450937.5,28201.0,13071415000.0,63659003.90625,17075442500.0,39525340000.0,14147545000.0,8970488125.0,16131237500.0,1931600000.0,70071997.0703125,-1232324062.5,-5019246875.0,374325000.0,1929210937.5,1576535000.0,1577157031.25,16996668750.0,8.503000259399414,9.0,464774687.5,1,4271279378.125,4271279378.125,1.0,True,6.406000000000001,True
0,000856,3017,11.26,11.04,11.41,11.45,11.11,14:59:55.950,14998875,-1126,139526,1711,156788896.0,69232,70295,0,47352,11.26,11.27,250,682,11.25,11.28,1066,367,11.24,11.29,721,562,11.23,11.3,66,568,11.22,11.31,66,79,"(6102,)",0,0,0,0,0.09,3017,227000000.0,11,26,20251030,19980813,227000000.0,12350000.0,112354296.875,19018680000.0,0.0,0.0,399.9999910593033,22533997500.0,19201248750.0,2068426875.0,143520996.09375,43804.0,18080137500.0,201043984.375,3586568125.0,4194640937.5,20373155000.0,18985211250.0,9527228125.0,24100998.53515625,45083999.0234375,-589549023.4375,-235470996.09375,3175503750.0,74862001.953125,83827001.953125,81182001.953125,-1767874062.5,1.8480000495910645,9.0,227000000.0,1,2556020000.0,2556020000.0,0.75,True,5.76,True
0,000862,2692,6.38,6.31,6.33,6.41,6.3,14:59:57.707,14999363,-638,161167,2037,102611464.0,72652,88515,-1,8856,6.38,6.39,146,4278,6.37,6.4,4104,4188,6.36,6.41,785,2442,6.35,6.42,1029,715,6.34,6.43,279,883,"(86,)",0,0,0,0,0.0,2692,627967109.375,14,16,20251025,19980915,917954687.5,13440000.0,1905295937.5,9301226250.0,0.0,0.0,2599.9999046325684,88700810000.0,24756315000.0,59815320000.0,771965000.0,47122.0,30934397500.0,810438984.375,34312715000.0,44831955000.0,9752275625.0,5992065000.0,23336837500.0,2663018125.0,27045998.53515625,10441881875.0,-55542998.046875,365303007.8125,2661598125.0,2429415937.5,2374515000.0,1095880000.0,4.883999824523926,9.0,627967109.375,1,4006430157.8125,4006430157.8125,0.85,True,5.7515,True
0,000906,1398,6.24,6.16,6.21,6.25,6.18,14:59:57.757,14999377,-624,55885,694,34734708.0,23581,32304,1,9060,6.23,6.24,250,1721,6.22,6.25,197,3250,6.21,6.26,410,2280,6.2,6.27,1317,1692,6.19,6.28,147,1514,"(2518,)",0,0,0,0,0.16,1398,701239765.625,28,12,20251025,19990707,709663203.125,21720000.0,3620042500.0,1472104480000.0,0.0,0.0,2300.000041723252,533931960000.0,502259600000.0,14477731250.0,4572969062.5,28465.0,414844360000.0,37929427500.0,8543915625.0,57559240000.0,1706224320000.0,1692114400000.0,73461325000.0,6247128125.0,3002943125.0,-55241460000.0,-5369332500.0,200738780000.0,6235861250.0,4499994062.5,1900270000.0,28120740000.0,6.702000141143799,9.0,701239765.625,1,4375736137.5,4375736137.5,1.0,True,5.3835,True
0,000909,348,5.55,5.53,5.52,5.67,5.52,14:59:58.006,14999446,-555,27273,162,15291427.0,11480,15794,0,530,5.55,5.58,22,100,5.54,5.59,306,198,5.53,5.6,142,152,5.52,5.62,208,30,5.51,5.63,110,200,"(4502,)",0,0,0,0,-0.53,348,437710585.9375,28,25,20251025,19990507,437714296.875,20700000.0,481931093.75,2354099843.75,0.0,0.0,-1500.0000596046448,23454990000.0,7903753125.0,4689835000.0,65164003.90625,18619.0,11760745000.0,492001992.1875,9990350000.0,9929511250.0,2422067031.25,1552812031.25,699611015.625,-450326992.1875,-125390000.0,458678984.375,-6183000.48828125,3993537812.5,-451564023.4375,-641927968.75,-674612031.25,-4650634062.5,2.2690000534057617,9.0,437710585.9375,1,2429293751.953125,2429293751.953125,1.0,True,5.399,True
0,000910,1313,7.85,7.71,7.78,7.87,7.77,14:59:57.178,14999216,-785,46362,167,36290664.0,19784,26578,1,1019,7.84,7.85,169,367,7.83,7.86,1073,1044,7.82,7.87,953,1025,7.81,7.88,753,3154,7.8,7.89,362,364,"(86,)",0,0,0,0,0.0,1313,547184492.1875,26,4,20251030,19990630,547397500.0,12200000.0,1340603281.25,37723055000.0,0.0,0.0,1299.9999523162842,97451220000.0,71187340000.0,14824025000.0,4766975000.0,17629.0,27499312500.0,1489048125.0,2433890937.5,67172980000.0,34039287500.0,25232287500.0,15925348750.0,754133984.375,74832001.953125,-200743984.375,-449591015.625,18121395000.0,744452968.75,540000976.5625,731730000.0,55944305000.0,12.270999908447266,9.0,547184492.1875,1,4295398263.671875,4295398263.671875,1.0,True,5.2405,True
0,000911,2587,6.78,6.66,6.69,6.78,6.66,14:59:57.563,14999323,-678,120890,1162,81382504.0,47814,73076,1,11708,6.77,6.78,146,2413,6.76,6.79,2635,554,6.75,6.8,1614,1689,6.74,6.81,1891,333,6.73,6.82,1851,485,"(22,)",0,0,0,0,0.15,2587,400319804.6875,10,14,20260205,19990527,400319804.6875,12130000.0,-273104296.875,21482997500.0,0.0,0.0,-99.99999776482582,30769695000.0,12480710000.0,12447822500.0,4037885937.5,34900.0,27449025000.0,772768984.375,19593493750.0,1200405937.5,17442517500.0,15247323750.0,3479446250.0,17652000.732421875,-327999.99237060547,-226192988.28125,-5206855937.5,2571450937.5,2905000.0,-76407001.953125,-43920000.0,-23909640000.0,0.3000000119209289,9.0,400319804.6875,1,2714168275.78125,2714168275.78125,0.8,True,5.3115,True
0,000919,2536,7.74,7.78,7.85,7.88,7.72,14:59:57.217,14999227,-774,116402,2404,90346208.0,70534,45868,0,35113,7.73,7.74,1700,1166,7.72,7.75,1988,224,7.71,7.76,747,1260,7.7,7.77,1072,366,7.69,7.78,565,214,"(982,)",0,0,0,0,0.13,2536,621766718.75,26,34,20260202,19991118,621924492.1875,12270000.0,767564531.25,25305950000.0,0.0,0.0,1099.9999940395355,60239970000.0,35439652500.0,13646337500.0,3228650000.0,33513.0,9606682500.0,10547395000.0,10882738750.0,37923630000.0,23801430000.0,18886112500.0,5146471875.0,896028046.875,135212001.953125,892921953.125,-5769676250.0,2671485000.0,897111015.625,748181953.125,684582968.75,16668992500.0,6.079999923706055,9.0,621766718.75,1,4812474403.125,4812474403.125,1.0,True,5.255999999999999,True
0,000929,551,9.99,9.9,9.93,10.02,9.85,14:59:56.407,14999002,-999,19161,75,19042702.0,8073,11088,0,2770,9.97,9.99,214,104,9.96,10.0,199,344,9.95,10.01,276,58,9.94,10.02,200,764,9.93,10.03,85,94,"(86,)",0,0,0,0,0.3,551,185754199.21875,4,37,20260206,19990623,185765996.09375,12150000.0,-386837890.625,1779108750.0,0.0,0.0,599.9999865889549,11185596250.0,4897960000.0,1433663906.25,481355000.0,10939.0,3318055000.0,3141725000.0,1844118906.25,4673251250.0,2194464062.5,1749570000.0,775328984.375,-178735996.09375,31282998.046875,-1338027968.75,164468984.375,1896496093.75,-221856015.625,-221826992.1875,109282998.046875,1030261015.625,2.5160000324249268,9.0,185754199.21875,1,1855684450.1953125,1855684450.1953125,1.0,True,5.2435,True
0,000931,1867,5.3,5.2,5.22,5.36,5.2,14:59:58.096,14999471,-530,159353,1048,84085376.0,66202,93151,1,1743,5.29,5.3,2518,99,5.28,5.31,675,4049,5.27,5.32,149,1909,5.26,5.33,1450,1457,5.25,5.34,564,1002,"(1942,)",0,0,0,0,0.0,1867,751029531.25,7,34,20251030,19990712,753127031.25,12270000.0,516290390.625,19298437500.0,0.0,0.0,700.0000029802322,38161262500.0,17410130000.0,8555215000.0,1172412031.25,68039.0,13703623750.0,2286338125.0,15760287500.0,16378623750.0,18824625000.0,7597725000.0,10745945000.0,848296015.625,-16825999.755859375,232561015.625,429285000.0,2020700000.0,838955000.0,612535000.0,494912968.75,-7468765000.0,2.174999952316284,9.0,751029531.25,1,3980456515.625,3980456515.625,0.9,True,5.221,True
0,000953,1854,7.31,7.26,7.26,7.31,7.24,14:59:57.372,14999270,-731,69789,1130,50813944.0,32821,36968,2,6164,7.3,7.31,93,811,7.29,7.32,1268,1239,7.28,7.33,629,1206,7.27,7.34,524,1164,7.26,7.35,609,1118,"(1878,)",0,0,0,0,0.14,1854,366122187.5,10,34,20251028,19991202,366122187.5,12270000.0,792887187.5,1666951250.0,0.0,0.0,199.99999552965164,2721195000.0,1116482031.25,1339192031.25,207088984.375,35836.0,908855937.5,176228007.8125,5053053125.0,1541363906.25,1294521015.625,1060985000.0,154749003.90625,85203994.140625,0.0,427245000.0,-426237031.25,344006015.625,84927001.953125,86521992.1875,79331000.9765625,-7313261250.0,0.4210000038146972,9.0,366122187.5,1,2676353190.625,2676353190.625,0.95,True,5.3815,True
0,000955,2664,5.88,5.81,5.86,5.92,5.82,14:59:57.887,14999413,-588,157746,1651,92794656.0,77427,80319,0,4366,5.87,5.88,820,166,5.86,5.89,915,1012,5.85,5.9,1711,2235,5.84,5.91,1010,2071,5.83,5.92,718,5581,"(150,)",0,0,0,0,0.17,2664,537993007.8125,30,15,20260203,19991209,538395000.0,12170000.0,-138664697.265625,3933412187.5,0.0,0.0,0.0,8579575000.0,4523026875.0,2480725937.5,758115000.0,47466.0,987132031.25,567220000.0,4896810000.0,6483218125.0,3332598750.0,3009252812.5,727395000.0,-9419000.244140623,22616999.51171875,-238725000.0,-1395194062.5,819767968.75,-12283999.0234375,-13282000.732421877,2302000.1220703125,-3797542187.5,1.2039999961853027,9.0,537993007.8125,1,3163398885.9375,3163398885.9375,0.9,True,5.439,True
0,000978,2156,7.34,7.21,7.25,7.36,7.23,14:59:57.361,14999267,-734,104881,959,76648496.0,43593,61288,0,3299,7.34,7.35,243,548,7.33,7.36,782,1234,7.32,7.37,604,186,7.31,7.38,87,675,7.3,7.39,301,314,"(86,)",0,0,0,0,0.0,2156,468118789.0625,10,10,20260204,20000518,468130000.0,23780000.0,68030698.2421875,3421115000.0,0.0,0.0,799.9999821186066,22774475000.0,3170325000.0,9766786250.0,3141549062.5,29461.0,5511138125.0,-1791999.969482422,13288500000.0,11077627500.0,3387684062.5,2267427968.75,687981953.125,368987968.75,221211015.625,1076416015.625,1442442031.25,42857998.046875,426225000.0,334403007.8125,357676992.1875,-7813477500.0,2.365999937057495,9.0,468118789.0625,1,3435991911.71875,3435991911.71875,1.0,True,5.61,True
0,000985,1715,21.38,21.43,21.65,21.81,21.19,14:59:52.307,14997863,-2138,20761,348,44289340.0,10105,10656,5,1191,21.38,21.39,5,20,21.34,21.4,5,19,21.33,21.43,20,21,21.32,21.44,3,68,21.29,21.45,7,120,"(22,)",0,0,0,0,0.28,1715,129639501.953125,1,19,20251030,20000726,129639501.953125,12260000.0,311297304.6875,15052927500.0,0.0,0.0,1000.0000149011612,7293781250.0,4414131875.0,2368573125.0,122406005.859375,12622.0,1043640000.0,0.0,2909072187.5,6149943125.0,14318850000.0,13457551250.0,0.0,175345000.0,0.0,1183071015.625,768870000.0,359526015.625,176336992.1875,132253007.8125,132253007.8125,1250174062.5,4.74399995803833,9.0,129639501.953125,1,2771692551.7578125,2771692551.7578125,0.95,True,6.5735,True
0,001201,1263,15.13,15.04,15.12,15.17,15.03,14:59:54.557,14998488,-1513,30779,365,46490436.0,14794,15986,1,2253,15.13,15.14,26,80,15.12,15.15,17,141,15.11,15.16,236,126,15.1,15.17,233,217,15.09,15.18,2,267,"(3862,)",0,0,0,0,0.07,1263,203134609.375,12,17,20251031,20210428,257784003.90625,10030000.0,-769769609.375,10658586250.0,0.0,0.0,399.9999910593033,62069500000.0,15217467500.0,39648027500.0,292557011.71875,17738.0,16126097500.0,34490000.0,27323735000.0,33970587500.0,15997973750.0,13086522500.0,59460000.0,149610996.09375,-22181000.9765625,1357055000.0,-111141005.859375,8924263125.0,131989003.90625,112746992.1875,114675000.0,3657101875.0,13.178000450134276,9.0,203134609.375,1,3073426639.84375,3073426639.84375,1.0,True,7.188999999999998,True
0,001205,1155,16.27,16.16,16.2,16.3,16.15,14:59:54.146,14998374,-1627,29648,454,48088908.0,16487,13161,-1,2284,16.27,16.28,270,345,16.26,16.29,552,508,16.25,16.3,433,557,16.24,16.31,1164,3,16.23,16.32,205,15,"(22,)",0,0,0,0,0.18,1155,159502304.6875,26,8,20260105,20210513,188003496.09375,16550000.0,1347378750.0,11307730000.0,0.0,0.0,3899.999856948853,45663580000.0,4999668125.0,35990905000.0,0.0,13486.0,11388382500.0,1618715937.5,10079421250.0,21196877500.0,10794996250.0,8268193750.0,1232661015.625,898346953.125,-101000.00381469728,3440285937.5,-1358525000.0,682492031.25,925208984.375,774125937.5,732625000.0,8351121875.0,11.072999954223633,9.0,159502304.6875,1,2595102497.265625,2595102497.265625,1.0,True,7.445,True
0,001206,1466,25.17,24.99,25.05,25.23,24.85,14:59:50.942,14997484,-2517,19437,321,48638444.0,9167,10270,0,2305,25.16,25.17,205,165,25.15,25.18,68,326,25.14,25.19,48,110,25.13,25.2,569,190,25.11,25.21,13,25,"(2582,)",0,0,0,0,0.04,1466,106315498.046875,9,38,20260203,20210518,184893808.59375,12410000.0,1509316875.0,13156175000.0,0.0,0.0,8500.00023841858,22001647500.0,14201026250.0,5758148125.0,462308007.8125,18089.0,3117090000.0,0.0,11199457500.0,18707806250.0,13060961250.0,10433161250.0,3170041875.0,2102060937.5,148717001.953125,2635000937.5,406093984.375,1489657968.75,2096045000.0,1567010000.0,1567010000.0,4964946250.0,10.118000030517578,9.0,106315498.046875,1,2675961085.8398438,2675961085.8398438,0.85,True,8.379,True
0,001211,1757,29.65,29.55,29.6,29.88,29.55,14:59:49.330,14997036,-2965,16895,111,50153044.0,8461,8434,0,3374,29.65,29.66,56,14,29.64,29.7,54,23,29.63,29.71,102,10,29.61,29.72,45,4,29.6,29.73,14,37,"(22,)",0,0,0,0,-0.02,1757,66996601.5625,28,4,20251216,20210805,72000000.0,12200000.0,141532597.65625,9277658750.0,0.0,0.0,1099.9999940395355,18562936250.0,7944556875.0,7429750000.0,1437019062.5,8642.0,8079253125.0,98282998.046875,4871682812.5,8642990625.0,10832132500.0,7268290000.0,2425667968.75,48005000.0,966999.969482422,260962011.71875,-988500000.0,3371823750.0,36031000.9765625,82667001.953125,84384003.90625,2999466875.0,12.003999710083008,9.0,66996601.5625,1,1986449236.328125,1986449236.328125,0.95,True,9.611,True
0,001215,2603,43.81,43.41,44.68,45.47,43.08,14:59:44.232,14995620,-4381,50302,342,222055648.0,28108,22194,5,23770,43.8,43.81,14,6,43.79,43.82,2,8,43.77,43.86,79,12,43.76,43.89,35,22,43.72,43.9,4,27,"(22,)",0,0,0,0,-0.08,2603,96782900.390625,13,14,20251204,20210906,97160400.390625,12140000.0,815546484.375,13639276250.0,0.0,0.0,5500.00011920929,24311662500.0,9039350625.0,12461915000.0,714583984.375,9555.0,4515914062.5,-6877999.877929688,10840611250.0,18674268750.0,13776112500.0,10644610000.0,1240398046.875,679165000.0,-709000.0152587891,1113349062.5,-611973007.8125,2810209062.5,663402968.75,534895000.0,537753984.375,6451086875.0,19.21999931335449,9.0,96782900.390625,1,4240058866.1132812,4240058866.1132812,0.85,True,11.598,True
0,001216,2398,18.81,18.54,18.67,18.87,18.4,14:59:53.232,14998120,-1881,72511,1573,135586752.0,37332,35179,1,17979,18.8,18.81,280,393,18.79,18.82,163,880,18.78,18.83,231,428,18.77,18.84,247,237,18.76,18.85,115,364,"(22,)",0,0,0,0,0.0,2398,246023906.25,21,4,20251027,20211019,251866699.21875,12300000.0,1685051718.75,9824150625.0,0.0,0.0,7500.0,21909947500.0,11746085000.0,5517945000.0,1043637031.25,16295.0,2731633125.0,92805000.0,5565220000.0,18083686250.0,11329422500.0,7523440000.0,1340437031.25,2155400937.5,97610000.0,2897410937.5,3347746250.0,1605111093.75,2134842968.75,1871238125.0,1890173125.0,9069475000.0,7.179999828338623,9.0,246023906.25,1,4627709676.5625,4627709676.5625,0.85,True,12.411,True
0,001217,2465,14.07,12.79,12.8,14.07,12.72,14:59:54.938,14998594,-1407,222591,2800,300199680.0,92147,130445,0,49344,14.07,0.0,74506,0,14.06,0.0,5,0,14.01,0.0,24,0,14.0,0.0,25,0,13.94,0.0,15,0,"(3542,)",0,0,0,0,0.0,2465,328583007.8125,24,19,20251027,20210929,331870000.0,12260000.0,802719531.25,12071511250.0,0.0,0.0,700.0000029802322,34730335000.0,9857815000.0,22075535000.0,824857031.25,21798.0,11308501250.0,0.0,8486531875.0,22485725000.0,15219118750.0,14109537500.0,438800000.0,302638984.375,31771999.51171875,1126205000.0,-549755000.0,1823325937.5,355363984.375,219831015.625,219831015.625,9013275000.0,6.775000095367432,9.0,328583007.8125,1,4623162919.921875,4623162919.921875,0.95,True,12.742500000000001,True
0,001218,2128,25.95,25.8,26.13,26.29,25.48,14:59:50.662,14997406,-2595,23835,243,61551736.0,11979,11857,-4,1986,25.88,25.95,10,55,25.87,25.96,6,1,25.86,25.97,6,7,25.85,25.99,5,37,25.84,26.0,88,29,"(3862,)",0,0,0,0,0.08,2128,92907197.265625,21,19,20260203,20211015,130178300.78125,12260000.0,759048593.75,25759925000.0,0.0,0.0,7699.999809265137,30768880000.0,17585676250.0,7952078125.0,1596205937.5,12436.0,7096852500.0,0.0,13183043750.0,22747452500.0,34798312500.0,31309975000.0,4930678750.0,1034671015.625,23120000.0,2282996093.75,-1381125937.5,4084565000.0,1037287031.25,1005037968.75,1005037968.75,7683731875.0,17.474000930786133,9.0,92907197.265625,1,2410941769.0429688,2410941769.0429688,0.95,True,13.756,True
0,001219,1748,15.03,14.94,15.1,15.1,14.87,14:59:54.593,14998498,-1503,33995,219,50906680.0,17746,16249,0,11763,15.02,15.03,16,161,15.01,15.04,1,313,15.0,15.05,104,106,14.99,15.06,47,326,14.98,15.07,53,80,"(1878,)",0,0,0,0,0.0,1748,190122109.375,15,14,20251218,20211021,194983808.59375,12140000.0,866002812.5,3952648437.5,0.0,0.0,4799.999892711639,12862685000.0,9172463125.0,298750996.09375,138287998.046875,15060.0,2215989062.5,15780000.0,2629677812.5,10618410000.0,4234198125.0,2555420000.0,195153007.8125,1247632031.25,94852001.953125,1271298046.875,132181005.859375,229278007.8125,1237141015.625,928770000.0,927690000.0,5402407500.0,5.446000099182129,9.0,190122109.375,1,2857535303.90625,2857535303.90625,0.95,True,14.117499999999998,True
0,001222,1127,22.46,22.32,22.55,22.55,22.22,14:59:51.918,14997755,-2246,10591,50,23732656.0,5286,5306,0,1511,22.45,22.46,27,15,22.44,22.47,15,62,22.43,22.48,8,34,22.42,22.49,12,52,22.4,22.5,15,483,"(5142,)",0,0,0,0,-0.08,1127,107409902.34375,28,50,20251030,20220818,190890000.0,12410000.0,1197396171.875,9307911250.0,0.0,0.0,6899.999976158142,18355050000.0,12269980000.0,4021885000.0,329321015.625,13616.0,2198059062.5,1837421093.75,4998876250.0,14245690000.0,12812965000.0,9867857500.0,3321832812.5,1693015000.0,8905000.0,165456015.625,-496581992.1875,3096636875.0,1685435000.0,1578659062.5,1302151953.125,6928080000.0,7.4629998207092285,9.0,107409902.34375,1,2412426406.640625,2412426406.640625,1.0,True,14.9005,True
0,001229,1598,38.21,37.41,38.0,38.32,37.76,14:59:46.248,14996180,-3821,12192,83,46467600.0,5188,7004,0,6612,38.21,38.23,68,1,38.2,38.24,25,4,38.19,38.25,22,5,38.18,38.26,12,62,38.17,38.27,36,15,"(22,)",0,0,0,0,-0.09,1598,52679399.4140625,12,24,20251210,20220808,102451503.90625,12390000.0,521330898.4375,1173959296.875,0.0,0.0,4000.000059604645,10432030000.0,5996390000.0,1243937968.75,1390805000.0,12887.0,678675937.5,2162999.8779296875,5759066250.0,9729543125.0,1322040000.0,474270000.0,631331015.625,480124023.4375,24800000.0,870094062.5,464371015.625,282146992.1875,476593007.8125,401884023.4375,401953984.375,2595142031.25,9.729000091552734,9.0,52679399.4140625,1,2012879851.6113281,2012879851.6113281,0.9,True,16.381999999999998,True
0,001230,3633,26.61,24.7,25.16,26.74,25.01,14:59:50.424,14997340,-2661,108572,573,285602976.0,46612,61961,0,13410,26.6,26.61,10,289,26.59,26.62,7,48,26.58,26.63,26,294,26.57,26.64,3,2,26.56,26.65,15,161,"(3478,)",0,0,0,0,0.0,3633,78557299.8046875,24,39,20260120,20220715,134226103.515625,23780000.0,1141967812.5,11472108750.0,0.0,0.0,9399.999976158142,32887570000.0,21295415000.0,3220869062.5,5700095000.0,13338.0,6634843125.0,1020432968.75,11436615000.0,19314062500.0,11762560000.0,8548756250.0,12213511250.0,1636337968.75,124412998.046875,476800976.5625,1908670000.0,821340000.0,1597432968.75,1426245937.5,1248803046.875,6367376250.0,14.388999938964844,9.0,78557299.8046875,1,2090409747.8027344,2090409747.8027344,0.85,True,17.5015,True
0,001234,1002,27.97,27.98,28.1,28.19,27.77,14:59:49.934,14997204,-2797,9228,409,25778198.0,5124,4105,1,1096,27.97,27.99,13,94,27.96,28.0,503,311,27.95,28.01,70,74,27.93,28.02,22,6,27.92,28.05,19,27,"(5782,)",0,0,0,0,0.0,1002,91520498.046875,26,41,20251027,20220111,109413701.171875,12180000.0,650215781.25,6651598750.0,0.0,0.0,3199.9999284744263,11591827500.0,7478561875.0,3066355000.0,258588984.375,18999.0,2418536875.0,0.0,5735357500.0,9130971875.0,6237980000.0,5179585937.5,2238290000.0,377510000.0,35661999.51171875,252003007.8125,-731165000.0,1445854062.5,374088984.375,345435000.0,345435000.0,2115535000.0,8.345000267028809,9.0,91520498.046875,1,2559828330.3710938,2559828330.3710938,0.9,True,18.4055,True
0,001256,1530,22.39,22.21,22.34,22.49,22.11,14:59:51.943,14997762,-2239,14688,43,32833472.0,6316,8372,0,626,22.37,22.39,33,274,22.36,22.4,21,13,22.35,22.41,170,22,22.3,22.42,19,63,22.28,22.43,25,187,"(22,)",0,0,0,0,-0.03,1530,106912597.65625,28,26,20251230,20221205,142612597.65625,12350000.0,801469062.5,3821193125.0,0.0,0.0,5699.999928474426,15851830000.0,8290665625.0,2580215000.0,446477968.75,9526.0,3644715937.5,0.0,6984185000.0,12086705000.0,4095555937.5,2719830000.0,132250000.0,933717968.75,150687001.953125,650085000.0,-283720000.0,2062626875.0,933448046.875,811181953.125,811181953.125,3332685000.0,8.475000381469727,9.0,106912597.65625,1,2393773061.5234375,2393773061.5234375,1.0,True,19.7305,True
0,001259,1711,34.15,34.12,34.34,34.97,33.83,14:59:47.710,14996586,-3415,13322,125,45587000.0,6812,6510,1,2266,34.14,34.15,1,32,34.13,34.16,3,1,34.1,34.18,41,7,34.09,34.19,403,18,34.08,34.2,24,9,"(22,)",0,0,0,0,0.15,1711,47544501.953125,7,23,20251211,20220831,73588901.3671875,12380000.0,100983701.171875,2623686250.0,0.0,0.0,599.9999865889549,8388121875.0,4002323750.0,232149003.90625,563276992.1875,6584.0,1009308984.375,45142998.046875,3985730000.0,7142430000.0,2869056875.0,2082714062.5,559448007.8125,-7397000.122070312,0.0,140153007.8125,-1526920937.5,800687031.25,-8194000.244140625,33755000.0,41639003.90625,2414732968.75,9.706000328063965,9.0,47544501.953125,1,1623644741.6992188,1623644741.6992188,0.8,True,21.146,True
0,001277,1435,41.76,41.64,42.09,42.12,41.58,14:59:44.970,14995825,-4176,12102,252,50541128.0,6290,5812,-2,3241,41.75,41.76,15,29,41.74,41.77,5,4,41.73,41.78,29,31,41.7,41.79,71,65,41.69,41.81,64,12,"(22,)",0,0,0,0,0.0,1435,45382797.8515625,13,26,20260203,20240903,76000000.0,12430000.0,1122630781.25,8466572500.0,0.0,0.0,9900.000095367432,20758431250.0,15738136250.0,3510710937.5,545887968.75,10846.0,4584328125.0,253170996.09375,6351371250.0,15466526250.0,7237140625.0,5614980000.0,5989446250.0,961887968.75,594000.0152587891,-25336000.9765625,151880000.0,3118736875.0,962613984.375,799787031.25,753385000.0,7804792500.0,20.35099983215332,9.0,45382797.8515625,1,1895185638.28125,1895185638.28125,0.8,True,23.0245,True
0,001279,1021,34.94,34.93,34.99,35.25,34.86,14:59:47.425,14996507,-3494,10370,40,36311020.0,6064,4306,-1,665,34.94,34.95,2,15,34.93,34.96,31,7,34.92,34.97,173,38,34.91,34.99,427,29,34.9,35.0,48,41,"(22,)",0,0,0,0,0.03,1021,40000000.0,24,46,20251117,20241011,160000000.0,12230000.0,695181562.5,11172548750.0,0.0,0.0,2800.000011920929,16595897500.0,13280020000.0,1073801953.125,123543994.140625,17938.0,6392563125.0,-1630000.0,4915135937.5,10079125000.0,10711821250.0,9648822500.0,2487977968.75,488273007.8125,57100000.0,3593193125.0,2202525000.0,1559287031.25,486410976.5625,453977968.75,455608984.375,3233600000.0,6.298999786376953,9.0,40000000.0,1,1397600000.0,1397600000.0,1.0,True,24.596,True
0,001328,1505,42.61,43.35,43.31,43.33,42.32,14:59:44.664,14995740,-4261,14479,257,61619224.0,9147,5332,-1,3638,42.61,42.62,42,174,42.6,42.63,1,37,42.59,42.64,22,8,42.58,42.65,62,141,42.57,42.69,95,9,"(2902,)",0,0,0,0,-0.01,1505,46031201.171875,25,19,20260205,20230410,172173808.59375,12260000.0,1179377265.625,10529210000.0,0.0,0.0,7900.000214576721,19855512500.0,14094235000.0,1725075000.0,201690996.09375,10577.0,4742505000.0,0.0,9969761250.0,14612235000.0,12282890000.0,6080300000.0,327649003.90625,1509865937.5,175585000.0,1768436875.0,-2687472187.5,1836335000.0,1539380000.0,1358804062.5,1358804062.5,2085965937.5,8.487000465393066,9.0,46031201.171875,1,1961389481.9335938,1961389481.9335938,0.7,True,25.3365,True
0,001332,1477,57.25,56.02,56.9,57.7,55.35,14:59:39.394,14994276,-5725,14944,83,84569936.0,7131,7813,-22,1195,57.25,57.36,27,1,57.2,57.38,17,2,57.15,57.43,10,2,57.1,57.46,5,14,57.07,57.47,10,92,"(726,)",0,0,0,0,-0.25,1477,48003500.9765625,26,26,20260203,20220920,110490000.0,12330000.0,2077995625.0,11719417500.0,0.0,0.0,18099.99942779541,35235130000.0,27960422500.0,4869971250.0,1053478984.375,10007.0,9428709375.0,0.0,13514081250.0,25558005000.0,9635524375.0,6146503750.0,4745625000.0,2394890000.0,90371005.859375,876180000.0,1047896953.125,6373280000.0,2389967968.75,1996335000.0,1996335000.0,10258288125.0,23.131999969482425,9.0,48003500.9765625,1,2748200430.908203,2748200430.908203,0.9,True,25.967000000000002,True
0,001358,935,29.21,28.7,28.85,29.44,28.56,14:59:49.488,14997080,-2921,11137,89,32393122.0,4549,6589,0,635,29.2,29.21,14,69,29.19,29.22,35,68,29.1,29.25,1,42,29.08,29.26,9,27,29.07,29.27,16,1,"(3862,)",0,0,0,0,0.07,935,50976298.828125,28,19,20260202,20231221,123200000.0,12260000.0,622118593.75,3318100000.0,0.0,0.0,3700.000047683716,15780298750.0,10944377500.0,3845865000.0,204034003.90625,8193.0,1406729062.5,3266999.8168945312,8328061250.0,14309850000.0,3559305937.5,2565435000.0,514396015.625,492750000.0,75785000.0,307718984.375,-4305421875.0,1152350937.5,484846015.625,419614023.4375,446812968.75,4497673750.0,11.614999771118164,9.0,50976298.828125,1,1489017688.7695312,1489017688.7695312,0.7,True,26.4685,True
0,001395,849,44.11,43.87,44.11,44.5,43.92,14:59:44.124,14995590,-4411,7605,90,33543820.0,3842,3764,2,221,44.11,44.12,27,17,44.1,44.13,92,39,44.09,44.14,17,1,44.08,44.15,29,43,44.07,44.17,126,30,"(3862,)",0,0,0,0,0.11,849,46890000.0,3,26,20260202,20250127,87240000.0,12350000.0,1257572968.75,6175411250.0,0.0,0.0,16399.999856948853,21395622500.0,13120617500.0,2450235937.5,856660000.0,9736.0,9622943125.0,0.0,4220055000.0,11499713750.0,5392798125.0,3274943125.0,375753984.375,1555505000.0,124541005.859375,-270948007.8125,-1146528984.375,6399307500.0,1606411093.75,1393490937.5,1393490937.5,5786136250.0,13.720000267028809,9.0,46890000.0,1,2068317900.0,2068317900.0,0.95,True,26.773000000000003,True
0,002058,751,23.22,22.88,23.29,23.66,22.78,14:59:51.644,14997679,-2322,17446,294,40683684.0,7868,9578,0,1141,23.22,23.24,158,39,23.2,23.25,4,10,23.17,23.26,107,22,23.13,23.28,90,8,23.11,23.3,5,22,"(22,)",0,0,0,0,0.3,751,143117802.734375,16,51,20251215,20060802,143448300.78125,12400000.0,-12856300.048828123,5523166250.0,0.0,0.0,13600.000143051147,12498501250.0,7785956875.0,3525435000.0,318025996.09375,7708.0,7027438125.0,2671255937.5,2128000.030517578,400113984.375,5878861250.0,4389735000.0,3621335000.0,2760383125.0,2220436875.0,154160996.09375,-197173007.8125,1984682031.25,2764184062.5,2318413125.0,1953445000.0,-1036496953.125,0.2790000140666961,9.0,143117802.734375,1,3323195379.4921875,3323195379.4921875,1.0,True,22.372,True
0,002095,1821,18.71,18.25,18.5,18.73,18.43,14:59:53.268,14998130,-1871,43280,984,80617904.0,17211,26070,0,5069,18.71,18.72,378,170,18.7,18.73,494,172,18.69,18.74,322,45,18.68,18.75,137,232,18.67,18.76,36,13,"(4054,)",0,0,0,0,0.0,1821,251708398.4375,28,24,20251031,20061215,252720000.0,18640000.0,-148637597.65625,3777409687.5,0.0,0.0,-99.99999776482582,15773523750.0,12874161250.0,420081015.625,0.0,39875.0,4403798750.0,2194980000.0,3261241875.0,8856592500.0,4105640937.5,3638073125.0,61627001.953125,-75978999.0234375,-20102000.732421875,1163223046.875,866537031.25,264701992.1875,-74851000.9765625,-74921000.9765625,-28076000.9765625,2460731093.75,3.503999948501587,9.0,251708398.4375,1,4709464134.765625,4709464134.765625,0.8,True,17.1195,True
0,002159,2234,16.7,16.59,16.75,16.78,16.51,14:59:53.992,14998331,-1670,42945,527,71569120.0,21531,21414,-3,11239,16.7,16.73,165,50,16.69,16.74,93,48,16.68,16.75,34,224,16.67,16.76,30,14,16.66,16.77,37,131,"(22,)",0,0,0,0,-0.29,2234,138472597.65625,19,10,20251029,20070817,177301308.59375,23780000.0,1554339531.25,5534315000.0,0.0,0.0,7799.999713897705,18770767500.0,4760903750.0,8106650625.0,1213991015.625,13898.0,2077310000.0,527100976.5625,8374350000.0,14624231250.0,5032084062.5,1946759062.5,65373999.0234375,1942445000.0,-5266999.51171875,1930192968.75,-614858984.375,83396992.1875,1927010000.0,1455320000.0,1382250937.5,3533055937.5,8.248000144958496,9.0,138472597.65625,1,2312492380.859375,2312492380.859375,0.85,True,8.599,True
0,002184,1947,13.25,12.95,13.14,13.29,13.08,14:59:55.234,14998676,-1325,47171,539,62254932.0,21874,25298,1,2878,13.24,13.25,91,275,13.23,13.26,95,426,13.22,13.27,292,428,13.21,13.28,240,400,13.2,13.29,208,672,"(5270,)",0,0,0,0,0.0,1947,240371503.90625,16,26,20260202,20071116,351908398.4375,12380000.0,-1081839765.625,16518887500.0,0.0,0.0,199.99999552965164,31939147500.0,24838865000.0,2075722031.25,261890996.09375,43322.0,16206311250.0,2702413125.0,4347685000.0,11692465000.0,19329305000.0,16853176250.0,7814865000.0,180400996.09375,75212001.953125,-523900000.0,-2594311875.0,6269818125.0,176061992.1875,133846992.1875,53716997.0703125,2055872031.25,3.322999954223633,9.0,240371503.90625,1,3184922426.7578125,3184922426.7578125,0.75,True,6.855500000000001,True
0,002186,2435,12.35,12.01,12.1,12.36,12.09,14:59:55.558,14998766,-1235,108353,1733,132942496.0,46284,62069,0,9837,12.34,12.35,1516,3749,12.33,12.36,654,628,12.32,12.37,479,969,12.31,12.38,521,1481,12.3,12.39,167,398,"(1558,)",0,0,0,0,0.08,2435,306511308.59375,7,10,20251022,20071120,306921601.5625,17620000.0,704516093.75,10843742500.0,0.0,0.0,900.0000357627869,15380640000.0,3581335000.0,2671909062.5,816750000.0,37011.0,4645045000.0,344887968.75,5344105000.0,8649863125.0,9583465625.0,7878427500.0,696725000.0,276855000.0,128855000.0,968637968.75,-13816000.9765625,891237031.25,279753007.8125,273282011.71875,261738984.375,-1322397031.25,2.818000078201294,9.0,306511308.59375,1,3785414661.1328125,3785414661.1328125,0.85,True,7.255,True
0,002199,515,8.31,8.36,8.43,8.45,8.19,14:59:57.012,14999170,-831,21919,245,18227064.0,12801,9118,-1,2116,8.31,8.32,53,203,8.3,8.33,350,120,8.29,8.34,51,378,8.28,8.35,31,1,8.27,8.36,52,26,"(22,)",0,0,0,0,0.12,515,243442402.34375,28,35,20251030,20071221,243442402.34375,12390000.0,-445400585.9375,1640381406.25,0.0,0.0,-1599.9999642372131,4486746875.0,2179128906.25,2162449062.5,64826000.9765625,10541.0,2163914062.5,0.0,5155580937.5,1907040937.5,1840810000.0,1751889062.5,760991015.625,-407526015.625,210000.0,7733000.48828125,-61251000.9765625,642252968.75,-391323984.375,-391328984.375,-391328984.375,-5906551875.0,0.7829999923706055,9.0,243442402.34375,1,2023006363.4765627,2023006363.4765627,1.0,True,7.489500000000001,True
0,002205,2116,14.81,14.51,14.65,14.82,14.53,14:59:54.672,14998520,-1481,47516,929,69971832.0,21622,25894,1,3194,14.8,14.81,96,169,14.79,14.82,109,348,14.78,14.83,91,173,14.77,14.84,32,18,14.75,14.85,12,201,"(22,)",0,0,0,0,0.14,2116,185843203.125,2,21,20260204,20080123,185843203.125,12300000.0,-307800195.3125,3800831250.0,0.0,0.0,-1199.99997317791,40075952500.0,11631490000.0,4024818125.0,1620245937.5,17877.0,24601815000.0,1266851953.125,4564940000.0,3598373125.0,4436634062.5,2996908125.0,6352288125.0,-231915000.0,0.0,-719218984.375,-650696015.625,1638870000.0,-269256015.625,-265009003.90625,-219296992.1875,-4327190937.5,1.9359999895095823,9.0,185843203.125,1,2752337838.28125,2752337838.28125,1.0,True,8.2315,True
0,002227,2331,10.23,10.0,10.23,10.31,10.02,14:59:56.321,14998978,-1023,66176,1016,67605600.0,30257,35919,0,9903,10.23,10.24,319,18,10.22,10.25,475,595,10.21,10.26,109,306,10.2,10.27,221,353,10.19,10.28,28,219,"(22,)",0,0,0,0,-0.09,2331,245936796.875,18,43,20260202,20080506,247806191.40625,12380000.0,-234134296.875,2215246718.75,0.0,0.0,-2000.0000298023224,15025973750.0,4583842187.5,3803931875.0,426605000.0,30267.0,3275535000.0,-28282998.046875,6418271250.0,9546596875.0,1837821093.75,1448657031.25,1500690937.5,-538824023.4375,2516000.061035156,-391476992.1875,-924178984.375,2010824062.5,-546333007.8125,-518121015.625,-495283984.375,-92789003.90625,3.8519999980926514,9.0,245936796.875,1,2515933432.03125,2515933432.03125,0.9,True,7.348999999999999,True
0,002234,1774,9.38,9.31,9.35,9.42,9.28,14:59:56.627,14999063,-938,46335,363,43351420.0,23057,23278,1,1412,9.37,9.38,383,145,9.35,9.39,1,251,9.34,9.4,51,469,9.33,9.41,175,299,9.32,9.42,51,488,"(598,)",0,0,0,0,0.11,1774,301408593.75,15,17,20251025,20080516,348960195.3125,10030000.0,-2172270937.5,15762081250.0,0.0,0.0,-6600.000262260437,37045462500.0,12490460000.0,17385497500.0,1055988984.375,30439.0,16288081250.0,-198282988.28125,13817942500.0,18079412500.0,15443418750.0,14898517500.0,732016015.625,-2345138125.0,-190300996.09375,981182031.25,384245000.0,5718781875.0,-2336115000.0,-2336560000.0,-2303500937.5,-1834767031.25,5.181000232696533,9.0,301408593.75,1,2827212609.375,2827212609.375,1.0,True,7.4475,True
0,002253,948,10.82,10.73,10.8,11.13,10.72,14:59:56.108,14998919,-1082,56229,172,61464744.0,30186,26043,-3,5854,10.81,10.82,143,21,10.8,10.83,12,10,10.79,10.84,13,406,10.78,10.85,89,69,10.77,10.86,6,6,"(22,)",0,0,0,0,0.28,948,208304003.90625,23,24,20251031,20080623,225626093.75,18650000.0,-270364492.1875,1265680468.75,0.0,0.0,-2899.9999165534973,14669686250.0,4832373750.0,3378975000.0,2116350000.0,30995.0,3454835937.5,-39198000.48828125,8294134375.0,10644380000.0,766307968.75,1013548046.875,976105000.0,-986970000.0,-25646999.51171875,-164495000.0,-866457031.25,2142175937.5,-989212031.25,-990601953.125,-646025000.0,-655972968.75,4.7179999351501465,9.0,208304003.90625,1,2253849322.265625,2253849322.265625,0.75,True,7.8175,True
0,002282,1952,7.85,7.78,7.81,7.9,7.78,14:59:57.178,14999216,-785,61814,623,48489200.0,28905,32909,-1,1601,7.85,7.86,44,68,7.84,7.87,211,611,7.83,7.88,279,702,7.82,7.89,459,1421,7.81,7.9,442,7676,"(150,)",0,0,0,0,0.0,1952,505007695.3125,11,26,20260203,20090821,526838398.4375,12300000.0,1647512343.75,12476738750.0,0.0,0.0,3000.0001192092896,40022587500.0,21088505000.0,5371953125.0,1146041015.625,23347.0,3230940000.0,0.0,20456576250.0,36196080000.0,12737847500.0,9267061250.0,5058650000.0,1828413125.0,22320000.0,686007968.75,-400941992.1875,4737015000.0,1814948125.0,1556373125.0,1556373125.0,9199325000.0,6.869999885559082,9.0,505007695.3125,1,3964310408.203125,3964310408.203125,1.0,True,7.677000000000001,True
0,002286,3076,10.53,10.54,10.59,10.64,10.46,14:59:56.213,14998948,-1053,160762,2765,169475328.0,84023,76739,0,19581,10.53,10.54,1659,1495,10.52,10.55,2190,767,10.51,10.56,965,561,10.5,10.57,1306,489,10.49,10.58,313,1085,"(1814,)",0,0,0,0,0.0,3076,369552109.375,15,14,20260203,20090828,380567382.8125,12130000.0,1010718671.875,18334452500.0,0.0,0.0,3600.0001430511475,27345675000.0,8786853125.0,12924977500.0,1149273046.875,32739.0,4813248125.0,0.0,8591857500.0,22021542500.0,21263655000.0,18436065000.0,2807497187.5,1598820937.5,23611999.51171875,1580463906.25,-93640000.0,2500170000.0,1598320937.5,1340015000.0,1340015000.0,8157706250.0,5.793000221252441,9.0,369552109.375,1,3891383711.71875,3891383711.71875,0.7,True,8.0,True
0,002295,1691,11.89,11.68,11.78,11.93,11.69,14:59:55.723,14998812,-1189,45599,812,54080992.0,22008,23591,0,1154,11.88,11.89,1195,682,11.87,11.9,134,979,11.86,11.91,41,491,11.85,11.92,162,1576,11.84,11.93,157,441,"(1430,)",0,0,0,0,-0.07,1691,250294003.90625,12,36,20251029,20090929,250615996.09375,12320000.0,296221093.75,26218697500.0,0.0,0.0,599.9999865889549,25235497500.0,18841168750.0,2246365000.0,282729003.90625,32227.0,10686892500.0,68060000.0,6169986250.0,13528380000.0,34811420000.0,33824122500.0,8841925000.0,136978007.8125,-35756000.9765625,-1162449062.5,-1066755000.0,2499326875.0,137653007.8125,147400000.0,140916005.859375,4450328125.0,5.3979997634887695,9.0,250294003.90625,1,2975995706.4453125,2975995706.4453125,0.8,True,7.754499999999998,True
0,002313,2134,10.02,9.8,9.94,10.02,9.86,14:59:56.396,14998999,-1002,53262,2200,53135368.0,23053,30209,0,2614,10.02,10.03,218,714,10.01,10.04,29,368,10.0,10.05,399,1301,9.99,10.06,434,201,9.98,10.07,414,1087,"(86,)",0,0,0,0,0.2,2134,374373710.9375,18,24,20251027,20091203,374400000.0,12390000.0,-794212734.375,23127920000.0,0.0,0.0,-1500.0000596046448,30258377500.0,19580220000.0,1349861093.75,2287731093.75,55598.0,24569115000.0,-48326997.0703125,20577340000.0,133793994.140625,20069861250.0,16693687500.0,7651603125.0,-274106015.625,-15765000.0,1795392031.25,-13236999.51171875,3164871250.0,-506373007.8125,-547105000.0,-547950976.5625,-23054122500.0,0.0359999984502792,9.0,374373710.9375,1,3751224583.59375,3751224583.59375,1.0,True,7.655500000000001,True
0,002322,2373,13.72,13.25,13.39,13.87,13.29,14:59:55.064,14998629,-1372,113500,1233,154371184.0,47603,65897,0,2772,13.71,13.72,149,409,13.7,13.73,179,1733,13.69,13.74,157,142,13.68,13.75,172,206,13.67,13.76,266,223,"(86,)",0,0,0,0,0.15,2373,351399687.5,28,24,20260113,20091218,365528007.8125,18650000.0,1865728125.0,6113166875.0,0.0,0.0,3899.999856948853,30875985000.0,11324927500.0,2881755000.0,138585000.0,26135.0,3051546250.0,-1986000.061035156,16794805000.0,27769980000.0,6149832500.0,1932481093.75,4683585937.5,1457542968.75,68060996.09375,2316245000.0,-1082065000.0,1775706093.75,1462979062.5,1376380000.0,1376380937.5,8486963125.0,7.323999881744385,9.0,351399687.5,1,4821203712.5,4821203712.5,1.0,True,7.205500000000001,True
0,002327,1890,7.1,7.11,7.15,7.15,7.03,14:59:57.448,14999291,-710,64383,740,45522056.0,29681,34702,0,5627,7.09,7.1,423,10,7.08,7.11,522,549,7.07,7.12,341,402,7.06,7.13,129,201,7.05,7.14,570,529,"(22,)",0,0,0,0,0.0,1890,490947695.3125,18,15,20260106,20091230,838245468.75,12170000.0,2931913750.0,18869960000.0,0.0,0.0,1899.999976158142,45640260000.0,22941755000.0,11200365000.0,905067968.75,32301.0,9452618125.0,0.0,1183942968.75,34737845000.0,16265936250.0,7559300000.0,2415365937.5,2154272031.25,74445000.0,4011646250.0,-1721265000.0,8319532500.0,2165443906.25,1597237968.75,1597237968.75,22990840000.0,4.144000053405762,9.0,490947695.3125,1,3485728636.71875,3485728636.71875,1.0,True,6.885,True
0,002337,2142,6.82,6.72,6.78,6.83,6.75,14:59:57.548,14999319,-682,161160,958,109429408.0,68779,92382,0,11214,6.82,6.83,606,2881,6.81,6.84,3533,1449,6.8,6.85,1137,3640,6.79,6.86,393,977,6.78,6.87,935,261,"(3222,)",0,0,0,0,-0.14,2142,587996484.375,9,26,20251029,20100115,588615703.125,12350000.0,461728085.9375,6072958750.0,0.0,0.0,799.9999821186066,20630722500.0,18129897500.0,1591634062.5,253265000.0,50639.0,6650363125.0,698881953.125,4376376250.0,13168250000.0,4945171250.0,3384251875.0,3568326875.0,604999023.4375,11655000.0,-754875937.5,114387001.953125,5462816250.0,605087031.25,496387031.25,496847031.25,2094032968.75,2.236999988555908,9.0,587996484.375,1,4010136023.4375,4010136023.4375,0.95,True,6.51,True
0,002343,3872,8.0,7.56,7.86,8.32,7.83,14:59:57.124,14999201,-800,628420,5401,504812960.0,288464,339956,0,54596,7.99,8.0,974,969,7.98,8.01,201,1247,7.97,8.02,239,1309,7.96,8.03,294,1147,7.95,8.04,411,648,"(598,)",0,0,0,0,-0.24,3872,473680312.5,22,18,20260202,20100126,473680312.5,27870000.0,114089199.21875,525651484.375,0.0,0.0,-599.9999865889549,17644931250.0,14561873750.0,7104000.244140625,1328000.030517578,42356.0,6329713125.0,-77077001.953125,8520811250.0,9623592500.0,1925780000.0,1785720000.0,3873173750.0,-364471992.1875,4638000.183105469,-1085145000.0,-561465000.0,8079005000.0,-309662011.71875,-275624003.90625,-274062988.28125,-5266145000.0,2.026000022888184,9.0,473680312.5,1,3789442500.0,3789442500.0,0.7,True,6.388,True
0,002365,2205,15.03,15.04,15.05,15.17,14.96,14:59:54.593,14998498,-1503,60697,358,91084224.0,31740,28958,0,5854,15.02,15.03,227,411,15.01,15.04,302,334,15.0,15.05,570,186,14.99,15.06,297,207,14.98,15.07,594,20,"(3222,)",0,0,0,0,0.07,2205,245560097.65625,19,34,20260123,20100305,294682500.0,12270000.0,618552382.8125,6187156875.0,0.0,0.0,900.0000357627869,22624310000.0,11676477500.0,8982750625.0,777280000.0,49873.0,2324320000.0,387990000.0,7145047500.0,19764320000.0,5771486250.0,4787528125.0,1244988984.375,182375000.0,253224003.90625,986648046.875,-874205000.0,784138984.375,180204003.90625,163420996.09375,254962011.71875,8338105000.0,6.706999778747559,9.0,245560097.65625,1,3690768267.7734375,3690768267.7734375,0.8,True,6.792,True
0,002369,2186,8.28,8.16,8.19,8.28,8.19,14:59:57.023,14999173,-828,104384,2749,86156256.0,44618,59766,0,2318,8.27,8.28,2196,2697,8.26,8.29,794,2096,8.25,8.3,988,2251,8.24,8.31,3179,1292,8.23,8.32,1317,1879,"(982,)",0,0,0,0,0.0,2186,566215390.625,18,24,20260204,20100316,566956289.0625,12390000.0,-1240295234.375,12332935000.0,0.0,0.0,-2800.000011920929,23899367500.0,9649643125.0,4633048125.0,22341000.9765625,109413.0,12953467500.0,-83825996.09375,12222410000.0,3099730000.0,12573376250.0,11975932500.0,4374962187.5,-1788430000.0,0.0,206295000.0,-12030999.755859377,1332467968.75,-1787407968.75,-1610245000.0,-1561240937.5,-15564181250.0,0.546999990940094,9.0,566215390.625,1,4688263434.375,4688263434.375,0.85,True,6.663499999999999,True
0,002381,1811,7.13,7.11,7.17,7.2,7.11,14:59:57.437,14999288,-713,59736,419,42662372.0,26383,33353,1,4990,7.13,7.14,223,70,7.12,7.15,223,258,7.11,7.16,427,744,7.1,7.17,702,846,7.09,7.18,225,1319,"(22,)",0,0,0,0,-0.13,1811,320396601.5625,28,19,20260105,20100402,411577812.5,12290000.0,1396161562.5,19342431250.0,0.0,0.0,1299.9999523162842,37925170000.0,22043852500.0,10217793125.0,1991859062.5,23357.0,9428356250.0,92707998.046875,5680476250.0,21457672500.0,19613751250.0,16557970000.0,8627585000.0,719118046.875,-23156000.9765625,1737942968.75,953917031.25,5057137812.5,714958984.375,510958007.8125,536641992.1875,9388402500.0,5.1570000648498535,9.0,320396601.5625,1,2284427769.140625,2284427769.140625,1.0,True,6.359,True
0,002391,1841,6.45,6.39,6.4,6.45,6.37,14:59:57.682,14999356,-645,77852,1760,49864856.0,37746,40106,1,410,6.44,6.45,511,2355,6.43,6.46,1021,573,6.42,6.47,156,610,6.41,6.48,356,448,6.4,6.49,637,422,"(22,)",0,0,0,0,0.16,1841,464120781.25,26,28,20260204,20100416,649592500.0,12260000.0,438434804.6875,26664910000.0,0.0,0.0,799.9999821186066,92687350000.0,35158895000.0,46084105000.0,2743230000.0,25494.0,36516245000.0,0.0,21402327500.0,42626750000.0,29684955000.0,25786467500.0,9749411875.0,573656992.1875,103305000.0,5697507500.0,556068007.8125,13137117500.0,446641992.1875,522933007.8125,522933007.8125,13385743750.0,6.561999797821045,9.0,464120781.25,1,2993579039.0625,2993579039.0625,1.0,True,6.0945,True
0,002394,2263,14.06,14.1,14.26,14.26,14.05,14:59:54.942,14998595,-1406,67199,1285,94822032.0,41591,25608,0,3037,14.05,14.06,1186,8810,14.04,14.07,513,63,14.03,14.09,222,513,14.02,14.1,123,1590,14.01,14.11,380,83,"(22,)",0,0,0,0,0.07,2263,323285605.46875,26,15,20260203,20100423,323700000.0,12170000.0,1305354062.5,35933500000.0,0.0,0.0,8100.000023841858,60861970000.0,36073145000.0,20354551250.0,1811967968.75,20964.0,11951811250.0,529041992.1875,9606907500.0,43235575000.0,29739800000.0,24200240000.0,5128890000.0,3269076875.0,185720000.0,5634675000.0,3789726875.0,9994940625.0,3263028750.0,2652901875.0,2635571250.0,28049665000.0,13.357000350952148,9.0,323285605.46875,1,4545395612.890625,4545395612.890625,0.7,True,6.5905000000000005,True
0,002403,1044,12.35,12.24,12.3,12.4,12.21,14:59:55.558,14998766,-1235,25239,313,31078620.0,10189,15050,0,689,12.34,12.35,175,698,12.33,12.36,184,501,12.32,12.37,113,99,12.31,12.38,123,149,12.3,12.39,135,136,"(22,)",0,0,0,0,0.16,1044,297161406.25,28,23,20251031,20100511,340638593.75,12330000.0,16605600.5859375,21138460000.0,0.0,0.0,-1700.0000178813934,47538930000.0,20834618750.0,13504150000.0,2917384062.5,47929.0,26028205000.0,-291515000.0,10199809375.0,16020998750.0,19538437500.0,13438431250.0,6956053125.0,-683013984.375,328596015.625,-341081015.625,-489024023.4375,8140665000.0,-700045000.0,-626335976.5625,-589855000.0,1272862968.75,4.703000068664551,9.0,297161406.25,1,3669943367.1875,3669943367.1875,1.0,True,7.095000000000001,True
0,002404,2902,7.42,7.5,7.55,7.55,7.38,14:59:57.332,14999259,-742,170399,1040,126475720.0,94269,76130,1,15364,7.41,7.42,126,2185,7.4,7.43,532,554,7.39,7.44,1149,888,7.38,7.45,1929,666,7.37,7.46,297,333,"(22,)",0,0,0,0,0.27,2902,455787109.375,28,15,20251027,20100511,560051484.375,12180000.0,1518648593.75,36048552500.0,0.0,0.0,2700.0001072883606,35389525000.0,26121090000.0,3562612187.5,416366015.625,26297.0,14498987500.0,933688984.375,5583823125.0,19770945000.0,36330012500.0,31905690000.0,4549815000.0,2055285000.0,129989003.90625,617493007.8125,-1362447031.25,5890630000.0,2068890000.0,1609484062.5,1521504062.5,6428016250.0,3.5299999713897705,9.0,455787109.375,1,3381940351.5625,3381940351.5625,1.0,True,7.359,True
0,002406,2754,8.16,8.13,8.21,8.24,8.14,14:59:57.066,14999185,-816,123140,993,100627824.0,66971,56169,0,5304,8.15,8.16,2370,829,8.14,8.17,2268,1580,8.13,8.18,1360,2349,8.12,8.19,1733,2825,8.11,8.2,1143,2023,"(22,)",0,0,0,0,0.12,2754,602212890.625,13,7,20260203,20100518,730225078.125,12360000.0,862145312.5,9557775625.0,0.0,0.0,1299.9999523162842,48846640000.0,27718835000.0,10137740625.0,3816517187.5,57320.0,6450718125.0,364641992.1875,17035370000.0,40120175000.0,10768357500.0,7979082500.0,4876835937.5,1341487031.25,135756005.859375,496771015.625,-598002968.75,5334463125.0,1274291015.625,989676953.125,953475937.5,13268395000.0,5.49399995803833,9.0,602212890.625,1,4914057187.5,4914057187.5,0.9,True,7.275499999999999,True
0,002412,3962,8.02,7.59,7.75,8.35,7.71,14:59:57.116,14999199,-802,1298961,9063,1051681152.0,700930,598032,0,496953,8.02,8.03,982,278,8.01,8.04,1811,309,8.0,8.05,2977,250,7.99,8.06,429,354,7.98,8.07,349,249,"(3222,)",0,0,0,0,-0.24,3962,497845000.0,21,34,20260204,20100525,503200000.0,12270000.0,1307530468.75,6939817500.0,0.0,0.0,1599.9999642372131,25624860000.0,12454910000.0,4427793125.0,289373007.8125,22297.0,2773390937.5,0.0,2341161875.0,22608252500.0,7407938125.0,1700790000.0,3114402812.5,1135438984.375,-556347031.25,1618112031.25,-1411999.969482422,2081532031.25,1131145000.0,825251953.125,825251953.125,13270642500.0,4.493000030517578,9.0,497845000.0,1,3992716900.0,3992716900.0,0.9,True,7.519500000000001,True
0,002441,4155,11.08,11.14,11.03,11.13,10.83,14:59:56.015,14998893,-1108,462733,9210,505547552.0,236073,226661,-1,86166,11.08,11.09,221,2333,11.07,11.1,341,999,11.06,11.11,622,124,11.05,11.12,1117,64,11.04,11.13,72,529,"(3734,)",0,0,0,0,0.45,4155,399079687.5,12,29,20251031,20100706,544543593.75,15510000.0,1398683125.0,82930500000.0,0.0,0.0,3300.0001311302185,70142280000.0,59185580000.0,7413203125.0,1302836015.625,27847.0,23304255000.0,491053984.375,18968831250.0,45783130000.0,83433770000.0,76247405000.0,19123047500.0,2389672031.25,57630000.0,-602871015.625,-3929545000.0,9594021875.0,2386224062.5,1851389062.5,1809432031.25,18168185000.0,8.407999992370605,9.0,399079687.5,1,4421802937.5,4421802937.5,0.75,True,7.2955,True
0,002443,2195,8.57,8.48,8.58,8.6,8.46,14:59:56.918,14999144,-857,104654,373,89233680.0,55185,49469,1,11514,8.56,8.57,477,2350,8.55,8.58,857,3331,8.54,8.59,354,438,8.53,8.6,101,1350,8.52,8.61,127,179,"(22,)",0,0,0,0,0.0,2195,519426601.5625,28,3,20251025,20100706,520535507.8125,12330000.0,1229496015.625,34082635000.0,0.0,0.0,1800.0000715255735,46582850000.0,36921000000.0,7326193125.0,1331954062.5,28127.0,8130868750.0,2295271093.75,7736581250.0,34195115000.0,31787625000.0,28381005000.0,7953330000.0,1313262031.25,68377001.953125,789537968.75,387496015.625,9288810000.0,1312717968.75,1089498046.875,937450000.0,19806886250.0,6.568999767303467,9.0,519426601.5625,1,4451485975.390625,4451485975.390625,0.75,True,7.5875,True
0,002492,1892,8.87,8.66,8.79,8.87,8.6,14:59:56.810,14999114,-887,92843,1351,81054096.0,41512,51331,0,6610,8.86,8.87,47,1036,8.85,8.88,258,356,8.84,8.89,93,108,8.83,8.9,706,165,8.82,8.91,68,100,"(22,)",0,0,0,0,0.34,1892,397834687.5,12,8,20251030,20101102,405000000.0,16590000.0,556995195.3125,2639195937.5,0.0,0.0,1299.9999523162842,23197540000.0,11303757500.0,6247578125.0,2499860937.5,16443.0,3288703125.0,175456015.625,4198412812.5,17295167500.0,2603886875.0,1452954062.5,5237519062.5,597233007.8125,33165000.0,264353007.8125,-37270000.0,31480000.0,587780000.0,539912031.25,528051992.1875,8071299375.0,4.269999980926514,9.0,397834687.5,1,3528793678.1249995,3528793678.1249995,0.75,True,6.965000000000001,True
0,002521,1592,8.61,8.53,8.59,8.65,8.56,14:59:56.904,14999140,-861,57543,947,49512984.0,25645,31898,-1,850,8.61,8.62,579,2772,8.6,8.63,349,830,8.59,8.64,219,657,8.58,8.65,194,1560,8.57,8.66,331,415,"(22,)",0,0,0,0,0.0,1592,418407890.625,15,38,20251015,20101210,560061093.75,12220000.0,1064334687.5,25514915000.0,0.0,0.0,1800.0000715255735,53947550000.0,30399470000.0,14830623750.0,1116661015.625,18203.0,13790693750.0,27848000.48828125,20666662500.0,38947252500.0,25302465000.0,22325662500.0,7748911250.0,1322630937.5,9840000.0,3394118125.0,-1871498125.0,6322385000.0,1320620937.5,1040567031.25,1023682031.25,10873611250.0,6.953999996185303,9.0,418407890.625,1,3602491938.28125,3602491938.28125,1.0,True,6.0455,True
0,002529,419,6.92,6.82,6.82,6.92,6.78,14:59:57.512,14999309,-692,34076,1710,23383598.0,17857,16219,3,275,6.91,6.92,157,59,6.9,6.93,283,132,6.88,6.94,107,198,6.87,6.95,161,345,6.86,6.96,479,176,"(1622,)",0,0,0,0,0.58,419,260000000.0,22,26,20260205,20101224,260000000.0,12340000.0,-419677695.3125,1227893828.125,0.0,0.0,-3499.999940395355,7962720000.0,2528511875.0,3010724062.5,202417011.71875,19000.0,4709650000.0,0.0,11631161250.0,1933290000.0,2776874062.5,2855048125.0,1124015000.0,-888232968.75,-113947998.046875,94660996.09375,37995000.0,904036015.625,-903667031.25,-903662968.75,-903662968.75,-12684820000.0,0.7440000176429749,9.0,260000000.0,1,1799200000.0,1799200000.0,0.95,True,5.7375,True
0,002561,1555,9.06,8.92,8.95,9.06,8.92,14:59:56.742,14999095,-906,80405,2247,72323056.0,31917,48489,0,1244,9.05,9.06,948,56,9.04,9.07,820,384,9.03,9.08,428,554,9.02,9.09,41,817,9.01,9.1,20,1128,"(4822,)",0,0,0,0,0.22,1555,414439609.375,16,12,20260203,20110303,415763007.8125,15520000.0,-19628599.853515625,3301304375.0,0.0,0.0,-0.0,26177630000.0,17754800000.0,3898889062.5,3145944062.5,35000.0,2591865937.5,504758007.8125,5235223750.0,21822570000.0,2742865000.0,1148044062.5,109689003.90625,110617001.953125,121060996.09375,362990976.5625,-1336382031.25,167588007.8125,123933994.140625,38914001.46484375,-20780000.0,10332081875.0,5.249000072479248,9.0,414439609.375,1,3754822860.9375,3754822860.9375,0.85,True,5.5015,True
0,002566,1828,8.46,8.35,8.42,8.47,8.34,14:59:56.958,14999155,-846,59773,394,50386368.0,26334,33440,1,6062,8.45,8.46,104,348,8.44,8.47,271,959,8.43,8.48,175,672,8.42,8.49,148,671,8.41,8.5,50,1376,"(3222,)",0,0,0,0,0.12,1828,231790507.8125,3,34,20260203,20110318,330951601.5625,12270000.0,358647812.5,5055606875.0,0.0,0.0,700.0000029802322,29836190000.0,24146422500.0,4127612812.5,1094544062.5,21673.0,4150353750.0,981182031.25,8346893125.0,22266397500.0,4761951875.0,1185126953.125,1611427968.75,288048007.8125,115654003.90625,415487968.75,305004003.90625,16053337500.0,278166992.1875,244187011.71875,241283007.8125,9156057500.0,6.728000164031982,9.0,231790507.8125,1,1960947696.0937502,1960947696.0937502,1.0,True,5.592499999999999,True
0,002569,487,14.09,13.8,13.87,14.19,13.79,14:59:54.931,14998592,-1409,17915,33,25035520.0,8141,9774,0,0,14.07,14.09,7,29,14.05,14.11,142,10,14.02,14.13,8,50,14.01,14.14,8,22,13.99,14.15,21,139,"(22,)",0,0,0,0,0.0,487,139956396.484375,28,41,20251027,20110412,144010000.0,12180000.0,-129188798.828125,1016916796.875,0.0,0.0,-399.9999910593033,1982538125.0,1139644062.5,56115000.0,2263999.938964844,4807.0,1553587031.25,-15045000.0,3685085937.5,288513984.375,889896953.125,615553984.375,429291992.1875,-53023999.0234375,-9354000.244140623,-227206015.625,-22623000.48828125,411108007.8125,-58978999.0234375,-59052001.953125,-56647998.046875,-4863385000.0,0.2000000029802322,9.0,139956396.484375,1,1971985626.4648438,1971985626.4648438,0.8,True,5.8585,True
0,002571,2298,12.49,12.25,12.35,12.51,12.02,14:59:55.507,14998752,-1249,106898,935,132175760.0,42715,64183,2,3779,12.49,12.5,53,779,12.47,12.51,385,376,12.46,12.52,224,102,12.45,12.53,25,250,12.44,12.54,101,360,"(22,)",0,0,0,0,0.0,2298,298306191.40625,24,4,20251212,20110412,391950703.125,12300000.0,-327606894.53125,13347548750.0,0.0,0.0,-2300.000041723252,30766947500.0,10418061875.0,14472298750.0,2466885937.5,16567.0,15621326250.0,258911015.625,8984555000.0,9764665625.0,11869432500.0,9751986875.0,1487082968.75,-692512968.75,-95312998.046875,272620996.09375,389106992.1875,5717653125.0,-711441015.625,-748211015.625,-898023046.875,-3600178750.0,2.490999937057495,9.0,298306191.40625,1,3725844330.6640625,3725844330.6640625,0.7,True,6.172,True
0,002576,1921,18.19,17.96,18.2,18.22,18.0,14:59:53.455,14998182,-1819,31623,397,57331204.0,13741,17882,0,3604,18.18,18.19,196,187,18.17,18.2,233,609,18.16,18.21,97,142,18.15,18.22,217,351,18.14,18.23,15,146,"(2902,)",0,0,0,0,0.11,1921,162027597.65625,26,29,20260130,20110428,165100000.0,12380000.0,441919804.6875,12602715000.0,0.0,0.0,3799.999952316284,21447930000.0,17790031250.0,2834721250.0,363709023.4375,27664.0,8252090000.0,-109518007.8125,5470585000.0,13061992500.0,14130510000.0,12266890000.0,6892543125.0,674770000.0,27492001.953125,524043984.375,-356331015.625,3670600000.0,677865000.0,624824023.4375,624183984.375,5596578125.0,7.9120001792907715,9.0,162027597.65625,1,2947282001.3671875,2947282001.3671875,0.95,True,6.7540000000000004,True
0,002581,712,7.36,7.33,7.35,7.38,7.31,14:59:57.354,14999265,-736,38351,316,28194218.0,27089,11262,0,676,7.35,7.36,1539,126,7.34,7.37,490,610,7.33,7.38,2471,606,7.32,7.39,474,285,7.31,7.4,354,363,"(22,)",0,0,0,0,-0.13,712,400791210.9375,15,34,20251029,20110520,659735625.0,12270000.0,146262695.3125,3147102500.0,0.0,0.0,-1000.0000149011612,22146122500.0,7848509375.0,2563156093.75,978011015.625,27278.0,1869424062.5,1237378984.375,8809517500.0,18693626250.0,2120499062.5,1329685000.0,1859915000.0,-1083058984.375,148062001.953125,-2301353906.25,-1948163125.0,1273163984.375,-1025933984.375,-939982031.25,-688106953.125,6067432500.0,2.8329999446868896,9.0,400791210.9375,1,2949823312.5,2949823312.5,1.0,True,6.856999999999999,True
0,002587,2785,7.02,6.86,6.93,7.02,6.91,14:59:57.476,14999299,-702,148926,2732,103935272.0,60563,88363,0,3063,7.01,7.02,622,3638,7.0,7.03,1932,4045,6.99,7.04,787,1624,6.98,7.05,711,1809,6.97,7.06,276,1280,"(22,)",0,0,0,0,0.29,2785,532697695.3125,18,35,20260114,20110610,651544101.5625,12390000.0,-198205195.3125,4648426562.5,0.0,0.0,199.99999552965164,19551742500.0,15466435000.0,1451082031.25,244393984.375,49739.0,6024851250.0,87389003.90625,3717112812.5,13296676250.0,5296369375.0,3427796250.0,5565167500.0,126322998.046875,71705000.0,-499173007.8125,482476992.1875,2905950000.0,82405000.0,135756005.859375,158395000.0,2446505000.0,2.0409998893737797,9.0,532697695.3125,1,3739537821.09375,3739537821.09375,0.9,True,6.8875,True
0,002592,1025,9.97,10.05,10.06,10.15,9.71,14:59:56.414,14999004,-997,47601,826,47690672.0,26168,21433,1,1258,9.97,9.98,35,105,9.96,9.99,711,60,9.95,10.0,231,188,9.94,10.01,107,103,9.93,10.02,172,40,"(22,)",0,0,0,0,0.1,1025,262716406.25,10,7,20251117,20111111,283331191.40625,12360000.0,511336601.5625,4301151562.5,0.0,0.0,3300.0001311302185,13020882500.0,6341541250.0,1761006093.75,636037968.75,13239.0,3161376875.0,0.0,6022818125.0,9814900625.0,4514546250.0,3569990000.0,554212031.25,937823046.875,639545000.0,9567999.877929688,-199970000.0,2007264062.5,969871015.625,934248046.875,934248046.875,3087690000.0,3.46399998664856,9.0,262716406.25,1,2619282570.3125,2619282570.3125,0.9,True,7.172,True
0,002598,1979,10.2,10.03,10.18,10.31,10.1,14:59:56.332,14998981,-1020,73689,299,75240280.0,31930,41759,0,4897,10.2,10.21,365,809,10.19,10.22,177,424,10.18,10.23,84,403,10.17,10.24,213,118,10.16,10.25,55,810,"(22,)",0,0,0,0,-0.09,1979,281443808.59375,15,26,20260203,20110707,312047109.375,12340000.0,1017639062.5,15186143750.0,0.0,0.0,2000.0000298023224,31728447500.0,23489772500.0,2761059062.5,644226992.1875,37798.0,14664267500.0,702955000.0,2121515000.0,13071310000.0,14587617500.0,10647590000.0,10663367500.0,705527968.75,110387001.953125,1267166015.625,406515000.0,4586871250.0,723911015.625,662927968.75,619587031.25,5664917500.0,3.931999921798706,9.0,281443808.59375,1,2870726847.65625,2870726847.65625,0.9,True,7.5115,True
0,002599,2566,8.19,7.93,8.04,8.2,8.01,14:59:57.055,14999182,-819,163664,2770,132576616.0,67049,96615,0,4535,8.18,8.19,755,708,8.17,8.2,998,3601,8.16,8.21,271,858,8.15,8.22,180,930,8.14,8.23,154,1754,"(22,)",0,0,0,0,0.12,2566,398006718.75,7,46,20251029,20110715,532679804.6875,12230000.0,4522300.109863281,15043332500.0,0.0,0.0,199.99999552965164,21384177500.0,10468005000.0,7226806875.0,1088737031.25,68095.0,8578896875.0,22283999.0234375,5984094375.0,12384236250.0,15369626250.0,13021702500.0,5265428125.0,172001992.1875,13108000.48828125,1079401953.125,-1035994062.5,2636636875.0,150004003.90625,92105996.09375,86740000.0,642945000.0,2.325000047683716,9.0,398006718.75,1,3259675026.5625,3259675026.5625,0.75,True,7.475,True
0,002609,2858,10.61,10.26,10.42,10.65,10.42,14:59:56.184,14998940,-1061,135280,1237,142584000.0,49838,85442,0,8742,10.61,10.62,1358,1241,10.6,10.63,624,1160,10.59,10.64,632,1092,10.58,10.65,140,8549,10.57,10.66,485,346,"(22,)",0,0,0,0,-0.08,2858,459400195.3125,18,24,20251025,20110815,643438789.0625,18650000.0,430088593.75,9834888125.0,0.0,0.0,1099.9999940395355,39911687500.0,17547770000.0,1759082968.75,2584989062.5,36415.0,9590968125.0,1269728984.375,9853561875.0,24045465000.0,11494882500.0,6985971250.0,3943953750.0,858240000.0,3463000.1831054688,2668040000.0,-73310000.0,4623605937.5,853549062.5,774637031.25,715936015.625,6377843125.0,3.736999988555908,9.0,459400195.3125,1,4874236072.265625,4874236072.265625,0.7,True,7.696,True
0,002615,2270,8.8,8.85,8.89,8.93,8.7,14:59:56.836,14999121,-880,99474,729,87203184.0,50071,49404,0,4116,8.79,8.8,247,634,8.78,8.81,415,111,8.77,8.82,258,295,8.76,8.83,253,30,8.75,8.84,99,76,"(3222,)",0,0,0,0,0.11,2270,306042597.65625,28,3,20260112,20110909,466267695.3125,12330000.0,2249325000.0,23673892500.0,0.0,0.0,2199.999988079071,37921812500.0,18739562500.0,10605302500.0,2084917031.25,30163.0,14731195000.0,-63222998.046875,3005433125.0,17013176250.0,24369715000.0,17814543750.0,3662635000.0,1166335000.0,-81087001.953125,1039132031.25,-1050100937.5,6497916250.0,1140428046.875,998574062.5,1001235000.0,8227915000.0,3.6489999294281006,9.0,306042597.65625,1,2693174859.375,2693174859.375,0.7,True,8.1095,True
0,002633,1815,16.99,16.66,16.91,17.02,16.74,14:59:53.887,14998302,-1699,27041,188,45788232.0,8914,18127,0,4752,16.98,16.99,33,225,16.97,17.0,30,734,16.96,17.01,20,214,16.95,17.02,149,99,16.94,17.03,227,1,"(22,)",0,0,0,0,0.06,1815,149418798.828125,28,26,20260204,20111122,150000000.0,12340000.0,70179101.5625,2349888906.25,0.0,0.0,399.9999910593033,6477905625.0,4461298125.0,1660930000.0,351037968.75,10701.0,2189476875.0,0.0,3232223125.0,4255667187.5,2249477968.75,1664792031.25,1750199062.5,73409003.90625,0.0,-223211015.625,-353853007.8125,1388470000.0,79139003.90625,61452001.953125,61452001.953125,-656145000.0,2.836999893188477,9.0,149418798.828125,1,2538625392.0898438,2538625392.0898438,1.0,True,8.5195,True
0,002644,3566,9.36,9.63,9.69,9.8,9.22,14:59:56.634,14999065,-936,453820,5982,428377856.0,238627,215193,-3,321505,9.36,9.37,1221,221,9.35,9.38,2551,258,9.34,9.39,220,450,9.33,9.4,593,1169,9.32,9.41,836,210,"(22,)",0,0,0,0,-0.42,3566,510656992.1875,4,34,20251029,20111222,510656992.1875,12270000.0,390729414.0625,7085315000.0,0.0,0.0,700.0000029802322,25239580000.0,13228285000.0,9877580000.0,743888984.375,33288.0,4261740000.0,240798007.8125,3373937187.5,18218651250.0,6240551250.0,4186221250.0,3349396875.0,435830000.0,-56145000.0,935051953.125,517725000.0,3358451875.0,422758007.8125,371446992.1875,380823007.8125,8468236250.0,3.568000078201294,9.0,510656992.1875,1,4779749446.875,4779749446.875,0.7,True,8.511,True
0,002646,2176,9.23,9.07,9.1,9.26,9.09,14:59:56.681,14999078,-923,122190,1455,112243744.0,60858,61333,1,4222,9.22,9.23,628,1366,9.21,9.24,930,716,9.2,9.25,160,1289,9.19,9.26,217,833,9.18,9.27,313,447,"(4374,)",0,0,0,0,0.11,2176,475929609.375,6,37,20251027,20111222,479108007.8125,12150000.0,574483515.625,9868943125.0,0.0,0.0,500.0000074505806,32904462500.0,18576205000.0,11227227500.0,1412729062.5,49800.0,4083945000.0,-186509003.90625,13148326250.0,28622777500.0,8804182500.0,3655143125.0,237806015.625,408836015.625,1051000.0610351562,532066015.625,-660406015.625,14886468750.0,394391992.1875,219115000.0,218140000.0,8953815625.0,5.973999977111816,9.0,475929609.375,1,4392830294.53125,4392830294.53125,0.8,True,8.547,True
0,002655,2215,12.8,12.63,12.78,12.84,12.64,14:59:55.396,14998721,-1280,67517,552,86226432.0,30831,36686,1,4703,12.8,12.81,869,304,12.79,12.82,155,633,12.78,12.83,294,616,12.77,12.84,355,531,12.76,12.85,208,670,"(22,)",0,0,0,0,-0.07,2215,361793203.125,15,35,20251024,20120217,361892109.375,12390000.0,546026015.625,8697766250.0,0.0,0.0,1800.0000715255735,20024836250.0,13507820000.0,4677151875.0,766002031.25,42534.0,10140871250.0,336331015.625,218395000.0,7325100000.0,10406196250.0,7452306875.0,4516784062.5,843862968.75,0.0,-19685999.75585937,-511551992.1875,4438380937.5,814443984.375,659540000.0,631224023.4375,2992041875.0,2.0290000438690186,9.0,361793203.125,1,4630953000.0,4630953000.0,0.95,True,8.4885,True
0,002660,1952,9.75,9.52,9.61,9.78,9.59,14:59:56.494,14999026,-975,63912,993,62056072.0,26565,37347,0,1557,9.74,9.75,470,871,9.73,9.76,137,1275,9.72,9.77,254,566,9.71,9.78,279,1594,9.7,9.79,207,617,"(22,)",0,0,0,0,0.21,1952,342986718.75,18,43,20260107,20120316,356626015.625,12390000.0,380250195.3125,9181225000.0,0.0,0.0,-1599.9999642372131,19556472500.0,14565362500.0,3253483125.0,86077001.953125,30000.0,7330030000.0,-43073999.0234375,7811240625.0,12018892500.0,9451956250.0,8016330000.0,4690390000.0,-890535000.0,45795000.0,246601992.1875,-937883984.375,1620134062.5,-887996015.625,-692493984.375,-579208984.375,1211557031.25,3.369999885559082,9.0,342986718.75,1,3344120507.8125,3344120507.8125,1.0,True,7.588499999999999,True
0,002661,1505,9.62,9.61,9.65,9.68,9.55,14:59:56.540,14999039,-962,39647,267,38046232.0,21886,17762,2,3841,9.61,9.62,170,16,9.6,9.63,286,281,9.59,9.64,147,174,9.58,9.65,577,525,9.57,9.66,152,40,"(4438,)",0,0,0,0,0.0,1505,314571796.875,21,14,20260203,20120316,333137695.3125,12140000.0,1549591406.25,34752335000.0,0.0,0.0,4000.000059604645,61364345000.0,14853887500.0,29671905000.0,2743022187.5,26144.0,21825920000.0,3502006875.0,9771671250.0,23278495000.0,31946965000.0,25085527500.0,485810000.0,1557965000.0,29626999.51171875,5138319062.5,2082282968.75,7626735000.0,1496469062.5,1184762031.25,1237107031.25,11610251250.0,6.98799991607666,9.0,314571796.875,1,3026180685.9374995,3026180685.9374995,1.0,True,7.702500000000001,True
0,002674,2051,14.63,14.37,14.54,14.72,14.38,14:59:54.737,14998538,-1463,57415,246,83652280.0,27207,30208,0,3461,14.61,14.63,100,595,14.6,14.64,193,326,14.59,14.65,64,244,14.58,14.66,26,242,14.57,14.67,14,124,"(22,)",0,0,0,0,0.0,2051,292563691.40625,20,41,20251029,20120507,295550898.4375,12190000.0,1097291484.375,20138398750.0,0.0,0.0,1299.9999523162842,47705645000.0,33450490000.0,7130028125.0,1095853046.875,16595.0,16383587500.0,3200475000.0,13128723750.0,24009660000.0,20139968750.0,16370723750.0,4153157812.5,900175000.0,82171992.1875,2725615937.5,3045140937.5,14700470000.0,893021015.625,826673046.875,396556992.1875,6288651250.0,8.12399959564209,9.0,292563691.40625,1,4280206805.2734375,4280206805.2734375,1.0,True,7.077500000000001,True
0,002677,3060,9.2,9.55,9.65,9.66,9.13,14:59:56.692,14999081,-920,192151,1960,179491184.0,106217,85935,0,10683,9.19,9.2,372,344,9.18,9.21,596,225,9.17,9.22,85,310,9.16,9.23,330,56,9.15,9.25,673,93,"(3862,)",0,0,0,0,0.22,3060,534870703.125,28,23,20260203,20120525,646051601.5625,12380000.0,1066006562.5,6538240625.0,0.0,0.0,299.99999329447746,16190550000.0,6765825000.0,5561998125.0,1443317968.75,50320.0,1232728046.875,19566999.51171875,1049169062.5,14763281250.0,3365810937.5,2070539062.5,170003007.8125,211634003.90625,-12439000.244140623,-54510000.0,-3070580000.0,459430000.0,213291992.1875,169792011.71875,178942011.71875,4998509062.5,2.2850000858306885,9.0,534870703.125,1,4920810468.75,4920810468.75,0.75,True,7.353,True
0,002679,1996,11.92,11.89,12.0,12.01,11.88,14:59:55.712,14998809,-1192,54518,1072,65109132.0,28629,25889,0,5724,11.92,11.93,914,2,11.91,11.94,465,289,11.9,11.95,296,411,11.89,11.96,484,728,11.88,11.97,224,45,"(22,)",0,0,0,0,-0.07,1996,235755996.09375,20,17,20260203,20120605,235755996.09375,10020000.0,-277416992.1875,956936718.75,0.0,0.0,-1000.0000149011612,19495220000.0,17833950000.0,438664023.4375,368262968.75,24906.0,2249839062.5,40589001.46484375,2445499062.5,7334453125.0,961617031.25,578735976.5625,1454242031.25,-238261015.625,6210000.0,-401290000.0,-954741015.625,15277918750.0,-238428007.8125,-238729003.90625,-236420996.09375,2185651875.0,3.111000061035156,9.0,235755996.09375,1,2810211473.4375,2810211473.4375,0.75,True,7.505000000000001,True
0,002691,2831,9.5,9.35,9.44,9.5,9.34,14:59:56.584,14999051,-950,150811,1809,142070288.0,74087,76724,2,9053,9.49,9.5,1189,1740,9.48,9.51,291,915,9.47,9.52,129,409,9.46,9.53,217,240,9.45,9.54,266,64,"(406,)",0,0,0,0,0.11,2831,335980312.5,11,26,20260204,20120731,340000000.0,12350000.0,-135827197.265625,1929342343.75,0.0,0.0,-1400.0000059604645,11177042500.0,6078736250.0,3372910000.0,703110000.0,23835.0,2301667968.75,160535996.09375,3023935937.5,8489157500.0,1840455000.0,1477101875.0,2797723125.0,-505528984.375,-1010000.0,-524862968.75,64785996.09375,1897510937.5,-482716015.625,-464856992.1875,-458506992.1875,1711046093.75,2.496999979019165,9.0,335980312.5,1,3191812968.75,3191812968.75,0.8,True,7.9245,True
0,002693,1117,7.86,7.93,7.94,8.0,7.85,14:59:57.174,14999215,-786,75643,623,59740376.0,43330,32313,0,5884,7.86,7.87,159,53,7.85,7.88,2147,448,7.84,7.89,702,408,7.83,7.9,445,93,7.82,7.91,518,56,"(22,)",0,0,0,0,0.0,1117,410981601.5625,30,34,20251030,20120808,414689804.6875,12270000.0,-378376914.0625,1269595234.375,0.0,0.0,-99.99999776482582,7977705000.0,1788186875.0,3743175000.0,1063944062.5,44166.0,2071892031.25,134525000.0,3699135000.0,3908930000.0,1689038125.0,731152968.75,207646992.1875,-73945000.0,705999.9847412109,320816992.1875,-166935000.0,856598046.875,-75387998.046875,-72665996.09375,-25233999.0234375,-4277875000.0,0.9430000185966492,9.0,410981601.5625,1,3230315388.28125,3230315388.28125,0.95,True,7.616499999999999,True
0,002696,2215,7.69,7.56,7.62,7.74,7.61,14:59:57.235,14999232,-769,71386,317,54873144.0,34469,36917,0,1722,7.68,7.69,401,335,7.67,7.7,656,604,7.66,7.71,181,165,7.65,7.72,199,427,7.64,7.73,20,404,"(22,)",0,0,0,0,0.26,2215,334486992.1875,10,17,20251029,20120905,346362304.6875,12130000.0,-305849804.6875,21273190000.0,0.0,0.0,1000.0000149011612,37044715000.0,22469145000.0,8048947500.0,1428507968.75,15924.0,12905832500.0,1078919062.5,7888486875.0,13723055000.0,29519975000.0,26665730000.0,7306367500.0,271088984.375,4616999.816894531,-4064790000.0,-284255000.0,9385109375.0,298556015.625,308943984.375,361278984.375,2258907968.75,3.961999893188477,9.0,334486992.1875,1,2572204969.921875,2572204969.921875,0.9,True,7.231,True
0,002700,1478,7.48,7.37,7.38,7.51,7.33,14:59:57.311,14999253,-748,68861,787,51253268.0,28135,40726,1,16694,7.47,7.48,726,1227,7.46,7.49,1094,649,7.45,7.5,119,1659,7.44,7.51,45,912,7.43,7.52,128,567,"(982,)",0,0,0,0,0.13,1478,263464902.34375,2,42,20251209,20120921,413628203.125,13450000.0,821134765.625,4921373437.5,0.0,0.0,1500.0000596046448,15750640000.0,11063482500.0,3061890000.0,435200976.5625,19612.0,2017097031.25,52020000.0,5075980937.5,13678673750.0,4820167187.5,3775189062.5,341655000.0,743993984.375,116524003.90625,666966015.625,-2631534062.5,213799003.90625,745240000.0,630547031.25,634520000.0,3669296875.0,3.306999921798706,9.0,263464902.34375,1,1970717469.53125,1970717469.53125,0.95,True,6.968000000000001,True
0,002715,1964,17.61,17.36,17.64,17.75,17.37,14:59:53.664,14998240,-1761,40432,411,71002024.0,19767,20666,-1,3457,17.61,17.62,198,78,17.6,17.63,76,26,17.59,17.64,84,3,17.58,17.65,19,80,17.57,17.66,9,55,"(3606,)",0,0,0,0,-0.1,1964,138000000.0,12,7,20251028,20140219,138000000.0,12360000.0,112535703.125,3766023750.0,0.0,0.0,-199.99999552965164,8407781875.0,4160685937.5,2781055000.0,291001992.1875,11614.0,2862656875.0,0.0,2778900000.0,4717469062.5,4064885000.0,3043214062.5,1452876875.0,14683000.48828125,-77968999.0234375,458498007.8125,71737998.046875,1782236875.0,472999.9923706055,-26817001.953125,-26817001.953125,284171992.1875,3.4179999828338623,9.0,138000000.0,1,2430180000.0,2430180000.0,0.7,True,7.7015,True
0,002722,1700,16.05,15.74,15.93,16.12,15.8,14:59:54.226,14998396,-1605,36726,558,58831912.0,15599,21127,1,4954,16.04,16.05,225,418,16.03,16.06,250,252,16.02,16.07,77,148,16.01,16.08,15,198,16.0,16.09,116,94,"(214,)",0,0,0,0,0.06,1700,191286191.40625,26,3,20260206,20140128,222371992.1875,12330000.0,1133723437.5,19533080000.0,0.0,0.0,4699.999988079071,35322610000.0,23406240000.0,3359162812.5,559425000.0,26398.0,7273221875.0,33048000.48828125,15297161250.0,27887620000.0,18106411250.0,14724001250.0,5810003125.0,1223516015.625,76321997.0703125,-831633984.375,-1223157031.25,4868639062.5,1218046953.125,976696015.625,976646953.125,9230010000.0,12.864999771118164,9.0,191286191.40625,1,3070143372.0703125,3070143372.0703125,0.95,True,7.613000000000001,True
0,002732,1551,17.95,17.85,17.97,17.99,17.7,14:59:53.542,14998206,-1795,22949,177,41067280.0,11593,11356,2,701,17.93,17.95,45,327,17.92,17.96,4,56,17.9,17.97,9,63,17.89,17.98,10,52,17.88,17.99,223,46,"(22,)",0,0,0,0,0.11,1551,156498798.828125,12,14,20251031,20141205,157350000.0,12140000.0,811745234.375,13031393750.0,0.0,0.0,3400.000035762787,19951043750.0,6076105000.0,8409356875.0,1244092031.25,17017.0,3426151250.0,208675000.0,3194059062.5,15044717500.0,11787040000.0,8803128125.0,1105037968.75,673831015.625,-17030000.0,1304687031.25,-288238984.375,1438198125.0,623460000.0,537291015.625,533133984.375,8875046250.0,9.560999870300291,9.0,156498798.828125,1,2809153438.9648438,2809153438.9648438,1.0,True,8.4075,True
0,002748,2357,12.77,12.54,12.68,12.8,12.57,14:59:55.406,14998724,-1277,79208,1165,100945472.0,37344,41864,-1,3309,12.76,12.77,95,87,12.75,12.78,441,814,12.74,12.79,218,675,12.73,12.8,139,1980,12.72,12.81,56,377,"(22,)",0,0,0,0,0.08,2357,240000000.0,22,19,20251025,20150319,240000000.0,12260000.0,234895390.625,14424805000.0,0.0,0.0,1700.0000178813934,23680455000.0,8385702500.0,8970713125.0,910545000.0,18201.0,8724611875.0,0.0,3133405937.5,13732592500.0,14919455000.0,12914697500.0,939961015.625,539925976.5625,0.0,294936015.625,-224615996.09375,1176582031.25,493925976.5625,404266992.1875,404266992.1875,7046505000.0,5.7220001220703125,9.0,240000000.0,1,3064800000.0,3064800000.0,0.7,True,7.833,True
0,002753,1654,7.81,7.81,7.89,7.92,7.76,14:59:57.192,14999220,-781,67623,914,52962148.0,37895,29728,1,12569,7.8,7.81,219,733,7.79,7.82,374,202,7.78,7.83,248,300,7.77,7.84,326,434,7.76,7.85,305,157,"(854,)",0,0,0,0,0.26,1654,242810292.96875,17,19,20260112,20150519,428676210.9375,12260000.0,821145468.75,31655872500.0,0.0,0.0,1299.9999523162842,33555550000.0,15914868750.0,12472065000.0,957257968.75,18928.0,3368228125.0,0.0,5113212812.5,23240947500.0,28772647500.0,27468165000.0,6806411250.0,528428984.375,45908999.0234375,768728984.375,-585365000.0,4393103750.0,530285976.5625,488931992.1875,488931992.1875,12593286250.0,6.125,9.0,242810292.96875,1,1896348388.0859375,1896348388.0859375,0.95,True,7.8785,True
0,002763,2216,8.27,8.32,8.38,8.44,8.2,14:59:57.026,14999174,-827,75690,608,62587844.0,40381,35310,-3,2413,8.27,8.28,715,232,8.25,8.29,67,31,8.24,8.3,381,77,8.23,8.31,321,390,8.22,8.32,443,325,"(3862,)",0,0,0,0,-0.35,2216,303599199.21875,18,15,20251030,20150610,409923984.375,12180000.0,1228214062.5,21726557500.0,0.0,0.0,3000.0001192092896,26362377500.0,19395401250.0,3642978750.0,774866015.625,17477.0,5155035000.0,1411815000.0,7866671250.0,18664287500.0,22248662500.0,7002771250.0,1784510937.5,2126561875.0,-684000.0152587891,978210000.0,-1686285937.5,7991399375.0,2135636875.0,1471974062.5,1220060000.0,4661471875.0,4.552999973297119,9.0,303599199.21875,1,2510765377.5390625,2510765377.5390625,0.85,True,8.060999999999998,True
0,002771,2402,15.91,15.44,15.67,15.98,15.57,14:59:54.276,14998410,-1591,63734,605,100687616.0,24035,39700,-1,6017,15.9,15.91,176,177,15.89,15.92,315,1424,15.88,15.93,247,274,15.87,15.94,205,237,15.86,15.95,10,1236,"(5142,)",0,0,0,0,-0.05,2402,174514609.375,7,24,20251023,20150629,209764101.5625,18650000.0,-230626191.40625,2430161093.75,0.0,0.0,-2500.0,9199625000.0,6635734375.0,980348046.875,223376992.1875,45173.0,2723384062.5,140850996.09375,1487395000.0,6163288125.0,2145120000.0,1806056093.75,2576435000.0,-593618984.375,-9857000.122070312,-880082031.25,-1120512031.25,1247415000.0,-593835000.0,-582558007.8125,-527673007.8125,2116024062.5,2.937999963760376,9.0,174514609.375,1,2776527435.15625,2776527435.15625,0.85,True,8.639,True
0,002774,2218,11.47,11.43,11.59,11.59,11.38,14:59:55.874,14998854,-1147,65285,574,74757224.0,36855,28430,2,6305,11.46,11.47,1145,90,11.45,11.48,598,360,11.44,11.49,121,240,11.43,11.5,243,361,11.42,11.51,91,206,"(22,)",0,0,0,0,0.17,2218,281771894.53125,12,8,20251031,20170324,336687890.625,12340000.0,853031875.0,11166510000.0,0.0,0.0,1500.0000596046448,20731198750.0,14675801250.0,4004110937.5,1279587031.25,14524.0,8089490625.0,2931000.061035156,4153053125.0,11994207500.0,9511656250.0,7397320000.0,2493748125.0,588201992.1875,104179003.90625,583206015.625,274812988.28125,3022397187.5,591340000.0,521283984.375,520615000.0,2937251875.0,3.562000036239624,9.0,281771894.53125,1,3231923630.2734375,3231923630.2734375,0.7,True,8.742999999999999,True
0,002778,1610,21.88,21.96,22.09,22.27,21.65,14:59:52.127,14997813,-2188,24442,274,53559712.0,13111,11331,4,1590,21.87,21.88,5,58,21.86,21.89,12,75,21.85,21.9,61,645,21.84,21.93,104,2,21.83,21.95,21,20,"(1302,)",0,0,0,0,0.14,1610,123428701.171875,26,5,20251029,20160106,124753300.78125,12250000.0,-356621093.75,3702003437.5,0.0,0.0,5099.999904632568,9050115000.0,8142193125.0,179804003.90625,11553000.48828125,12642.0,3127010000.0,916099062.5,665272031.25,3158361875.0,1015628984.375,716156015.625,3080424062.5,773527968.75,484637968.75,949207968.75,2300217968.75,337865976.5625,772127031.25,766025000.0,630118007.8125,694967031.25,2.532000064849853,9.0,123428701.171875,1,2700619981.640625,2700619981.640625,1.0,True,9.563500000000001,True
0,002783,2032,10.03,9.94,10.09,10.11,9.95,14:59:56.393,14998998,-1003,82055,1288,82236224.0,42791,39265,0,8415,10.02,10.03,648,218,10.01,10.04,775,542,10.0,10.05,816,673,9.99,10.06,459,106,9.98,10.07,782,594,"(3862,)",0,0,0,0,0.0,2032,455746289.0625,19,19,20251025,20151209,499357695.3125,12260000.0,1119726406.25,25695657500.0,0.0,0.0,2700.0001072883606,81965340000.0,29983030000.0,30887962500.0,9896568125.0,41816.0,32053640000.0,10313593125.0,13108201250.0,26210115000.0,25687472500.0,17751418750.0,9185865625.0,3065699062.5,114266005.859375,2776465937.5,1040470000.0,3794215937.5,3018266875.0,2268607968.75,1350824062.5,6278495000.0,5.249000072479248,9.0,455746289.0625,1,4571135279.296875,4571135279.296875,0.8,True,9.664,True
0,002789,512,10.22,10.09,10.12,10.41,10.03,14:59:56.324,14998979,-1022,34109,218,34813252.0,14579,19531,-1,2500,10.22,10.23,172,169,10.21,10.24,508,153,10.2,10.25,100,249,10.19,10.26,102,104,10.18,10.27,332,192,"(5782,)",0,0,0,0,0.0,512,156466103.515625,18,21,20251029,20160311,159623496.09375,14500000.0,41703901.3671875,44716280000.0,0.0,0.0,-21500.00095367432,89155570000.0,57143445000.0,5900625000.0,4467171250.0,7434.0,84856900000.0,2547881093.75,11559857500.0,-11478667500.0,26662340000.0,25511655000.0,28042950000.0,-3405612812.5,4077999.877929688,-7129627500.0,-1137437031.25,2553105000.0,-3407396250.0,-3574731875.0,-3424060000.0,-23310295000.0,-7.190999984741211,9.0,156466103.515625,1,1599083577.9296875,1599083577.9296875,0.95,True,10.041,True
0,002801,1765,34.86,34.55,35.01,35.08,34.55,14:59:47.454,14996515,-3486,14480,82,50369956.0,7600,6881,1,4761,34.85,34.86,66,6,34.84,34.87,25,21,34.83,34.88,42,51,34.82,34.89,2,1,34.81,34.9,32,9,"(4502,)",0,0,0,0,0.0,1765,115802695.3125,28,29,20260202,20160622,229631992.1875,12380000.0,2321436718.75,10186121250.0,0.0,0.0,12699.999809265137,21814522500.0,12972902500.0,2973368125.0,680868046.875,15512.0,3307017187.5,0.0,1150625000.0,18388293750.0,11053840000.0,7619382500.0,2495224062.5,3365503125.0,176843984.375,1458140000.0,-1425212031.25,2065753906.25,3362660000.0,2908516875.0,2908516875.0,13632275000.0,8.008000373840332,9.0,115802695.3125,1,4036881958.59375,4036881958.59375,1.0,True,10.921,True
0,002802,2042,14.05,13.65,13.85,14.25,13.79,14:59:54.946,14998596,-1405,59476,228,83676272.0,25865,33611,1,4058,14.05,14.06,123,79,14.04,14.07,141,52,14.03,14.08,281,46,14.02,14.09,139,71,14.01,14.1,129,47,"(1430,)",0,0,0,0,0.07,2042,181942890.625,26,19,20260202,20160629,182301992.1875,12260000.0,441981289.0625,3432096250.0,0.0,0.0,1700.0000178813934,6810027500.0,4970287187.5,1136270000.0,348087031.25,11899.0,416800976.5625,0.0,1557692031.25,6328706875.0,2969290937.5,2188631093.75,758000000.0,371856992.1875,24450998.53515625,792325000.0,-126122998.046875,231734003.90625,368765976.5625,307242988.28125,307242988.28125,2579978906.25,3.4719998836517334,9.0,181942890.625,1,2556297613.28125,2556297613.28125,1.0,True,11.23,True
0,002811,3140,14.95,14.71,14.82,14.99,14.6,14:59:54.622,14998506,-1495,93842,930,138751216.0,45808,48034,3,7840,14.93,14.95,62,302,14.92,14.96,87,65,14.91,14.97,22,31,14.9,14.98,143,129,14.89,14.99,123,465,"(22,)",0,0,0,0,0.2,3140,283112792.96875,18,21,20251031,20160908,307970000.0,22740000.0,949935781.25,8252819375.0,0.0,0.0,4699.999988079071,25784280000.0,19400826250.0,2554628906.25,266240996.09375,19843.0,10647922500.0,0.0,9450278125.0,14041851250.0,9894652500.0,6196340000.0,3977385000.0,1692550000.0,114102001.953125,1817759062.5,-892800937.5,2145905000.0,1706422031.25,1354805000.0,1354805000.0,1060637031.25,4.559999942779541,9.0,283112792.96875,1,4232536254.8828125,4232536254.8828125,1.0,True,11.111999999999998,True
0,002813,1618,28.86,28.22,28.48,28.88,28.32,14:59:49.614,14997115,-2886,22986,378,66009132.0,9807,13179,-1,1965,28.85,28.86,115,25,28.84,28.87,21,103,28.83,28.88,25,304,28.82,28.89,11,98,28.81,28.9,3,130,"(22,)",0,0,0,0,0.03,1618,119856103.515625,18,7,20260120,20161012,120000000.0,12390000.0,-403093906.25,2048187656.25,0.0,0.0,-5799.999833106995,5062350000.0,3000558125.0,1515675937.5,18613000.48828125,18641.0,2474065000.0,-7444000.244140625,2145014062.5,2495861875.0,2606555000.0,2342459062.5,456116992.1875,-696150000.0,-14413000.48828125,-683685000.0,-143631005.859375,1090612031.25,-689802968.75,-695175937.5,-695175937.5,-1306207968.75,2.0799999237060547,9.0,119856103.515625,1,3459047147.4609375,3459047147.4609375,0.8,True,12.3105,True
0,002816,893,25.52,25.31,25.32,25.93,25.12,14:59:50.816,14997449,-2552,31870,149,81530800.0,16258,15612,-2,6077,25.46,25.52,2,49,25.45,25.54,10,161,25.41,25.55,2,33,25.4,25.56,75,11,25.38,25.58,82,52,"(22,)",0,0,0,0,0.63,893,100000000.0,18,26,20260204,20161025,100000000.0,12340000.0,-304574101.5625,55428500.9765625,0.0,0.0,700.0000029802322,4598278125.0,3714690000.0,135521992.1875,11681999.51171875,5600.0,1910690937.5,56853002.9296875,2071785000.0,2313765937.5,1681068906.25,1338602968.75,1706432968.75,24123000.48828125,-5740000.0,-286100000.0,-355250000.0,1278853984.375,22828000.48828125,35366000.9765625,67337998.046875,-893470000.0,2.313999891281128,9.0,100000000.0,1,2552000000.0,2552000000.0,0.7,True,13.2845,True
0,002823,2321,15.96,15.68,15.84,16.0,15.79,14:59:54.258,14998405,-1596,44064,386,70136536.0,20551,23513,1,2661,15.95,15.96,40,77,15.94,15.97,433,280,15.93,15.98,80,390,15.92,15.99,148,380,15.91,16.0,95,1060,"(22,)",0,0,0,0,0.06,2321,218918300.78125,18,26,20260106,20161124,328368906.25,12380000.0,1159348593.75,23295505000.0,0.0,0.0,6000.000238418579,36053205000.0,12454663750.0,18160081250.0,1901375000.0,32543.0,11370065000.0,0.0,8450495000.0,20322435000.0,21753597500.0,17437087500.0,5000334062.5,2112067031.25,-159930000.0,3519218125.0,110124003.90625,4688559062.5,2068685937.5,1790655000.0,1790655000.0,7051736250.0,6.189000129699707,9.0,218918300.78125,1,3493936080.46875,3493936080.46875,0.9,True,13.7625,True
0,002835,1367,17.35,17.19,17.35,17.38,17.21,14:59:53.758,14998266,-1735,23756,259,41137960.0,11015,12742,-1,1735,17.35,17.36,128,211,17.34,17.37,100,379,17.33,17.38,53,282,17.31,17.39,16,18,17.3,17.4,112,275,"(5014,)",0,0,0,0,0.0,1367,127288203.125,18,24,20251029,20161228,219493906.25,12390000.0,1469770468.75,8441212500.0,0.0,0.0,5400.000214576721,15454665000.0,11481992500.0,2637530000.0,436641015.625,21155.0,2743870000.0,0.0,2041300000.0,12305657500.0,7831917500.0,4356885937.5,2619643906.25,1192151953.125,72134003.90625,900037968.75,388005000.0,2260300000.0,1190900000.0,1172950000.0,1172950000.0,7226920000.0,5.605999946594238,9.0,127288203.125,1,2208450324.21875,2208450324.21875,0.85,True,13.820500000000001,True
0,002836,2446,15.86,15.3,15.31,15.97,15.01,14:59:54.294,14998415,-1586,58958,823,91960168.0,28548,30411,1,3077,15.85,15.86,372,344,15.84,15.87,80,69,15.83,15.88,192,177,15.82,15.89,179,38,15.81,15.9,91,145,"(4054,)",0,0,0,0,0.06,2446,230400000.0,12,46,20251028,20161229,230400000.0,12230000.0,457710703.125,2644383750.0,0.0,0.0,1800.0000715255735,5280182500.0,3225931875.0,1439862968.75,131160996.09375,12427.0,1488857968.75,0.0,440102968.75,3776630937.5,3264341875.0,2392071093.75,603702968.75,481174023.4375,10431999.51171875,55253999.0234375,-975428984.375,891812031.25,480928984.375,402643007.8125,402643007.8125,644941015.625,1.6390000581741333,9.0,230400000.0,1,3654144000.0,3654144000.0,0.85,True,13.4875,True
0,002845,2253,14.93,14.55,14.69,15.1,14.6,14:59:54.629,14998508,-1493,76631,854,114240192.0,34437,42195,0,1704,14.93,14.94,500,413,14.92,14.95,560,510,14.91,14.96,168,121,14.9,14.97,137,211,14.89,14.98,14,254,"(5526,)",0,0,0,0,0.0,2253,250235390.625,18,35,20251031,20170125,327551699.21875,12390000.0,724546562.5,69617410000.0,0.0,0.0,-500.0000074505806,95133560000.0,62789995000.0,17729462500.0,243380000.0,34726.0,62362275000.0,1643105000.0,12623861250.0,23781905000.0,76049125000.0,70507895000.0,33534460000.0,-447418007.8125,1880000.0,-1456804062.5,-2420185000.0,14416912500.0,-417749023.4375,-335381992.1875,-153817001.953125,10641505000.0,7.260000228881836,9.0,250235390.625,1,3736014382.03125,3736014382.03125,0.85,True,13.718,True
0,002855,1201,16.48,16.22,16.35,16.48,16.28,14:59:54.071,14998353,-1648,21417,967,35111852.0,8949,12469,4,2583,16.46,16.48,10,174,16.45,16.49,11,43,16.44,16.5,179,200,16.43,16.51,1104,3,16.42,16.52,31,57,"(4630,)",0,0,0,0,0.24,1201,246227207.03125,12,35,20251028,20170321,246419707.03125,12390000.0,-1768566250.0,9826362500.0,0.0,0.0,-11499.99976158142,19780067500.0,9350150000.0,7182972500.0,946482968.75,35383.0,15466498750.0,-226951992.1875,5523546875.0,3270424062.5,12679540000.0,11996551250.0,4153185937.5,-2908984062.5,831999.9694824219,362878007.8125,312795000.0,2518246093.75,-2916544062.5,-2925226875.0,-2831614062.5,-5230812812.5,1.3270000219345093,9.0,246227207.03125,1,4057824371.875,4057824371.875,1.0,True,14.171000000000001,True
0,002869,1561,22.75,22.42,22.56,22.77,22.51,14:59:51.814,14997726,-2275,21440,516,48607816.0,7908,13532,1,293,22.75,22.76,100,80,22.74,22.77,318,124,22.73,22.78,194,85,22.72,22.79,212,77,22.71,22.8,161,92,"(1174,)",0,0,0,0,0.09,1561,157518300.78125,18,24,20251126,20170515,176915000.0,12390000.0,310900898.4375,3524362500.0,0.0,0.0,-1700.0000178813934,25947912500.0,18681026250.0,2009064062.5,337145000.0,22297.0,3821009062.5,-780999.9847412109,6789545000.0,21440815000.0,3273499062.5,2458511875.0,4456205937.5,-344806015.625,88619003.90625,-949430000.0,-1828710000.0,1590084062.5,-351383007.8125,-296593984.375,-296131015.625,12412111250.0,11.940999984741213,9.0,157518300.78125,1,3583541342.7734375,3583541342.7734375,0.75,True,14.8155,True
0,002871,2278,19.86,19.35,19.5,20.0,19.36,14:59:52.854,14998015,-1986,32441,309,63936820.0,15100,17342,-4,1502,19.86,19.89,87,6,19.85,19.9,241,96,19.84,19.91,34,30,19.81,19.92,8,42,19.8,19.93,10,20,"(5270,)",0,0,0,0,-0.09,2278,149395498.046875,15,26,20251028,20170511,251853808.59375,12340000.0,894067265.625,3918980000.0,0.0,0.0,4600.000083446503,13961781250.0,9104953125.0,3533028750.0,490491992.1875,11261.0,2734038125.0,0.0,3638634062.5,11092017500.0,4581123125.0,2707091875.0,1661192968.75,1155323046.875,58041997.0703125,808371015.625,7126000.3662109375,1129925937.5,1159598046.875,1024773046.875,1028032968.75,4351968125.0,4.40399980545044,9.0,149395498.046875,1,2966994591.2109375,2966994591.2109375,1.0,True,15.304999999999998,True
0,002875,1680,17.64,17.45,17.68,17.83,17.48,14:59:53.653,14998237,-1764,49729,462,87714488.0,20946,28784,-4,1680,17.64,17.65,57,243,17.63,17.68,128,199,17.62,17.69,4,237,17.61,17.7,42,296,17.6,17.71,10,63,"(4886,)",0,0,0,0,0.0,1680,182436601.5625,18,41,20251029,20170601,213016894.53125,12180000.0,-777415234.375,4519031875.0,0.0,0.0,-3000.0001192092896,10793977500.0,8862180000.0,954182968.75,198525000.0,13197.0,4021615937.5,30839001.46484375,6428093125.0,6424526250.0,3687018125.0,1887057031.25,230076992.1875,-623360000.0,879000.0152587891,-429939023.4375,-260762988.28125,1764734062.5,-603987968.75,-633960976.5625,-627226992.1875,-2495776875.0,3.0160000324249268,9.0,182436601.5625,1,3218181651.5625,3218181651.5625,1.0,True,14.298000000000002,True
0,002876,2745,26.77,25.87,26.13,27.07,25.94,14:59:50.366,14997324,-2677,71639,1136,190146176.0,29948,41692,4,7290,26.76,26.77,7,82,26.75,26.78,5,5,26.73,26.79,113,26,26.72,26.8,11,118,26.71,26.81,98,16,"(3542,)",0,0,0,0,0.15,2745,148949404.296875,18,35,20251027,20170525,173884902.34375,12390000.0,647390312.5,18733325000.0,0.0,0.0,2599.9999046325684,63443895000.0,29590625000.0,23769542500.0,810772968.75,19629.0,30685097500.0,-4472999.877929688,10636892500.0,23803315000.0,26430685000.0,22394105000.0,11272577500.0,500073007.8125,-58309003.90625,-2732818125.0,154887998.046875,10710882500.0,471010976.5625,447558984.375,449940000.0,10668131250.0,13.689000129699709,9.0,148949404.296875,1,3987375553.0273438,3987375553.0273438,0.85,True,14.856,True
0,002884,1521,17.89,17.92,17.99,18.0,17.82,14:59:53.563,14998212,-1789,22018,181,39407504.0,11441,10577,-2,9283,17.88,17.89,113,1,17.87,17.9,125,44,17.86,17.91,120,126,17.85,17.92,13,252,17.84,17.93,85,6,"(1046,)",0,0,0,0,-0.05,1521,273072500.0,12,26,20251029,20170711,357682500.0,12340000.0,3300334375.0,11675455000.0,0.0,0.0,9800.000190734863,24824430000.0,18465262500.0,3023111875.0,72003999.0234375,22305.0,1375525000.0,0.0,6875580000.0,23123872500.0,12704395000.0,8095836875.0,1563747031.25,4066790000.0,18010000.0,2991319062.5,491799023.4375,2968866875.0,4063770000.0,3513831875.0,3513830937.5,8867499375.0,6.465000152587891,9.0,273072500.0,1,4885267025.0,4885267025.0,1.0,True,13.622499999999999,True
0,002886,2645,23.09,22.87,23.12,23.35,22.8,14:59:51.691,14997692,-2309,47445,867,108890200.0,25150,22295,8,4763,23.08,23.1,10,41,23.05,23.11,3,4,23.04,23.12,14,3,23.03,23.13,33,5,23.02,23.15,394,7,"(22,)",0,0,0,0,0.48,2645,209078203.125,18,47,20251031,20170627,263203593.75,12290000.0,250693203.125,12874017500.0,0.0,0.0,1099.9999940395355,38564930000.0,19767620000.0,11530117500.0,1876090937.5,31496.0,13838911250.0,689766015.625,10950788750.0,18029955000.0,14145167500.0,11812655000.0,4668234062.5,234708007.8125,67546000.9765625,958850000.0,1209000.015258789,6988927500.0,235462988.28125,302115996.09375,300996992.1875,4247373125.0,6.849999904632568,9.0,209078203.125,1,4827615710.15625,4827615710.15625,0.7,True,14.3475,True
0,002889,1035,15.21,15.12,15.14,15.23,15.1,14:59:54.528,14998480,-1521,21583,328,32773510.0,8771,12812,1,1060,15.2,15.21,318,1561,15.19,15.22,325,452,15.18,15.23,404,429,15.17,15.24,213,113,15.16,15.25,132,309,"(278,)",0,0,0,0,0.0,1035,251284609.375,18,8,20251025,20170731,377667500.0,21720000.0,1794943906.25,25728190000.0,0.0,0.0,3799.999952316284,52018195000.0,39796235000.0,3723778125.0,2959834062.5,30238.0,25906667500.0,1004867031.25,2873770000.0,25080980000.0,28977122500.0,26152977500.0,15313775000.0,1719577968.75,80585996.09375,-1293236015.625,25331000.9765625,452580000.0,1739461875.0,1458107968.75,1414419062.5,17622386250.0,6.640999794006348,9.0,251284609.375,1,3822038908.59375,3822038908.59375,1.0,True,14.4235,True
0,002890,1322,17.42,17.29,17.6,17.88,17.23,14:59:53.732,14998259,-1742,22449,128,39116844.0,10991,11458,6,1126,17.41,17.42,43,48,17.38,17.43,5,26,17.36,17.44,128,100,17.35,17.45,14,5,17.31,17.46,50,21,"(278,)",0,0,0,0,0.23,1322,161484199.21875,15,26,20251021,20170802,169875195.3125,12350000.0,137796699.21875,2559377968.75,0.0,0.0,700.0000029802322,7415010000.0,5275613125.0,1580904062.5,234991992.1875,6542.0,1291103046.875,0.0,1019553984.375,6015751250.0,2433988125.0,2007957968.75,1033401953.125,123090000.0,-1921999.9694824216,-416241992.1875,-279665000.0,1064496015.625,122307998.046875,118987998.046875,118987998.046875,2813575937.5,3.5409998893737797,9.0,161484199.21875,1,2813054750.3906255,2813054750.3906255,0.95,True,15.12,True
0,002899,1969,31.15,31.73,32.15,32.3,30.62,14:59:48.790,14996886,-3115,42562,288,132945656.0,26440,16122,0,2958,31.15,31.16,90,80,31.14,31.17,41,32,31.13,31.18,107,166,31.12,31.19,148,212,31.11,31.2,22,266,"(470,)",0,0,0,0,0.03,1969,147797001.953125,15,50,20251031,20170915,147797001.953125,12240000.0,873138203.125,8962441250.0,0.0,0.0,3499.999940395355,28323737500.0,12194260000.0,13612495000.0,830808984.375,14755.0,4841655937.5,0.0,9770953125.0,17415310000.0,8556615625.0,6283595000.0,1931453906.25,618166015.625,43057998.046875,1085630937.5,-1588050000.0,1952099062.5,598037968.75,507505000.0,507505000.0,5621030625.0,11.782999992370604,9.0,147797001.953125,1,4603876610.839844,4603876610.839844,0.95,True,15.726500000000001,True
