market,code,active1,price,last_close,open,high,low,servertime,reversed_bytes0,reversed_bytes1,vol,cur_vol,amount,s_vol,b_vol,reversed_bytes2,reversed_bytes3,bid1,ask1,bid_vol1,ask_vol1,bid2,ask2,bid_vol2,ask_vol2,bid3,ask3,bid_vol3,ask_vol3,bid4,ask4,bid_vol4,ask_vol4,bid5,ask5,bid_vol5,ask_vol5,reversed_bytes4,reversed_bytes5,reversed_bytes6,reversed_bytes7,reversed_bytes8,reversed_bytes9,active2,liutongguben,province,industry,updated_date,ipo_date,zongguben,guojiagu,faqirenfarengu,farengu,bgu,hgu,zhigonggu,zongzichan,liudongzichan,gudingzichan,wuxingzichan,gudongrenshu,liudongfuzhai,changqifuzhai,zibengongjijin,jingzichan,zhuyingshouru,zhuyinglirun,yingshouzhangkuan,yingyelirun,touzishouyu,jingyingxianjinliu,zongxianjinliu,cunhuo,lirunzonghe,shuihoulirun,jinglirun,weifenpeilirun,meigujingzichan,baoliu2,liutongguben_raw,liutongguben_factor,流通盘,circulating,turnover_low_ratio,turnover_low_ok,ma20_support_ok,ma20_oscillation_ok
0,000007,12,12.3,12.3,0.0,0.0,0.0,9:22:14.406,9222401,0,0,0,5.877471754111438e-39,0,0,72000,1403,12.31,12.31,114,114,0.0,0.0,720,0,0.0,0.0,0,0,0.0,0.0,0,0,0.0,0.0,0,0,"(8,)",0,0,0,0,0.0,12,346448007.8125,18,10,20251031,19920413,346448007.8125,20700000.0,31760900.87890625,1542256875.0,0.0,0.0,99.99999776482582,3705430937.5,2598828906.25,435443007.8125,945999.9847412108,12551.0,1599967031.25,144065000.0,1570240937.5,1826725937.5,2998466875.0,2659123125.0,550212031.25,28079001.46484375,1138000.030517578,2837065937.5,-257132011.71875,549862968.75,35642998.046875,24640000.0,34179001.46484375,-3279330937.5,0.5270000100135803,9.0,346448007.8125,1,4261310496.0937505,4261310496.0937505,1.0,True,True,True
0,000010,51,3.62,3.62,0.0,0.0,0.0,9:22:25.206,9224201,0,0,0,5.877471754111438e-39,0,0,95800,15493,3.51,3.51,4414,4414,0.0,0.0,958,0,0.0,0.0,0,0,0.0,0.0,0,0,0.0,0.0,0,0,"(8,)",0,0,0,0,0.0,51,848033437.5,18,21,20251216,19951027,1149652265.625,14480000.0,-594307617.1875,3538041250.0,0.0,0.0,-299.99999329447746,27194105000.0,21016562500.0,54823999.0234375,17625999.755859375,34767.0,23266005000.0,447741015.625,21103560000.0,3264786875.0,4246812812.5,3909369062.5,15298285000.0,-222531015.625,-7787999.877929687,-411815000.0,-549964023.4375,1034025000.0,-271158007.8125,-305187011.71875,-319038984.375,-28424925000.0,0.2840000092983246,9.0,848033437.5,1,3069881043.75,3069881043.75,0.85,True,True,True
0,000011,8,9.28,9.28,0.0,0.0,0.0,9:22:19.806,9223301,0,0,0,5.877471754111438e-39,0,0,16300,689,9.19,9.19,75,75,0.0,0.0,163,0,0.0,0.0,0,0,0.0,0.0,0,0,0.0,0.0,0,0,"(8,)",0,0,0,0,0.0,8,526475507.8125,18,11,20251030,19920330,595979101.5625,20700000.0,35810200.1953125,13178067500.0,67605200.1953125,0.0,500.0000074505806,153041960000.0,142511010000.0,427474023.4375,3370000.0,37276.0,46318395000.0,-1376573125.0,804880000.0,33937560000.0,17157720000.0,12862247500.0,6030171875.0,360598007.8125,7345000.0,-23751710000.0,3675944062.5,108231440000.0,480114023.4375,260592988.28125,322211015.625,25949710000.0,5.693999767303467,9.0,526475507.8125,1,4885692712.5,4885692712.5,1.0,True,True,True
0,000014,53,14.53,14.53,0.0,0.0,0.0,9:22:25.206,9224201,0,0,0,5.877471754111438e-39,0,0,2209600,160999,15.98,15.98,10075,10075,0.0,0.0,22096,0,0.0,0.0,0,0,0.0,0.0,0,0,0.0,0.0,0,0,"(8,)",0,0,0,0,0.0,53,242046191.40625,18,11,20251031,19920602,242046191.40625,20700000.0,468801601.5625,3251224687.5,0.0,0.0,-1299.9999523162842,23184745000.0,19459697500.0,176026992.1875,0.0,26220.0,6582171875.0,515870000.0,99692001.953125,15913248750.0,208587988.28125,163787001.953125,55407001.953125,-406851992.1875,0.0,575149023.4375,539035000.0,13983501250.0,-407065000.0,-324804003.90625,-322223007.8125,10506477500.0,6.574999809265137,9.0,242046191.40625,1,3516931161.1328125,3516931161.1328125,0.9,True,True,True
0,000019,6,7.16,7.16,0.0,0.0,0.0,9:21:18.006,9213001,0,0,0,5.877471754111438e-39,0,0,-1000,172,7.16,7.16,24,24,0.0,0.0,0,10,0.0,0.0,0,0,0.0,0.0,0,0,0.0,0.0,0,0,"(8,)",0,0,0,0,0.0,6,416216406.25,18,17,20260202,19921012,1152535234.375,15510000.0,2442543437.5,38018845000.0,51749301.7578125,0.0,2099.9999344348907,70118570000.0,40553400000.0,19740806250.0,4393831875.0,43016.0,18876087500.0,16100999.755859377,12719082500.0,49891070000.0,39184755000.0,32557362500.0,1590882031.25,3056041875.0,-20161999.51171875,12651572500.0,320012011.71875,35200365000.0,3065269062.5,2434335000.0,2435265000.0,19486150000.0,4.328999996185303,9.0,416216406.25,1,2980109468.75,2980109468.75,0.9,True,True,True
0,000020,6,15.3,15.3,0.0,0.0,0.0,9:18:16.206,9182701,0,0,0,5.877471754111438e-39,0,0,0,1077,15.38,15.38,70,70,0.0,0.0,0,0,0.0,0.0,0,0,0.0,0.0,0,0,0.0,0.0,0,0,"(8,)",0,0,0,0,0.0,6,181165390.625,18,35,20251025,19920428,283161191.40625,12390000.0,142430498.046875,6062678750.0,101995800.78125,0.0,799.9999821186066,7532313125.0,5082980000.0,1613215000.0,328326992.1875,28401.0,3228700937.5,0.0,1465776875.0,4249259062.5,6829502500.0,5992382500.0,2295464062.5,256423007.8125,5545000.0,-446760000.0,-461106015.625,706965000.0,256537988.28125,212668984.375,212668984.375,-822046015.625,1.5010000467300415,9.0,181165390.625,1,2771830476.5625,2771830476.5625,0.9,True,True,True
0,000068,15,3.56,3.56,0.0,0.0,0.0,9:21:23.406,9213901,0,0,0,5.877471754111438e-39,0,0,1800,714,3.55,3.55,201,201,0.0,0.0,18,0,0.0,0.0,0,0,0.0,0.0,0,0,0.0,0.0,0,0,"(8,)",0,0,0,0,0.0,15,1006671484.375,18,39,20251030,19970611,1006671484.375,15510000.0,-733717187.5,5918214375.0,0.0,0.0,-1000.0000149011612,40219865000.0,14311812500.0,571526992.1875,1144212968.75,38067.0,17086326250.0,3901280000.0,11886831250.0,6079765000.0,5176196250.0,4781256875.0,4205048750.0,-396598007.8125,-725000.0,2500684062.5,-426075000.0,593673007.8125,-899275000.0,-968298046.875,-1000640000.0,-17450876250.0,0.6039999723434448,9.0,1006671484.375,1,3583750484.375,3583750484.375,1.0,True,True,True
0,000151,10,13.72,13.72,0.0,0.0,0.0,9:22:25.206,9224201,0,0,0,5.877471754111438e-39,0,0,-400,1392,13.78,13.78,101,101,0.0,0.0,0,4,0.0,0.0,0,0,0.0,0.0,0,0,0.0,0.0,0,0,"(8,)",0,0,0,0,0.0,10,307934707.03125,7,13,20260203,20000906,337370703.125,15510000.0,-1428463750.0,9149068750.0,0.0,0.0,-799.9999821186066,21975712500.0,19033037500.0,741727968.75,265443984.375,26817.0,18864618750.0,-1003874062.5,9930790625.0,3328605000.0,8262118750.0,6859642500.0,2156232031.25,-295691992.1875,274084003.90625,-867405937.5,-541215000.0,1609050937.5,-293066992.1875,-340860000.0,-283750996.09375,-11422436250.0,0.9869999885559082,9.0,307934707.03125,1,4224864180.46875,4224864180.46875,0.9,True,True,True
0,000153,9,6.73,6.73,0.0,0.0,0.0,9:21:28.806,9214801,0,0,0,5.877471754111438e-39,0,0,44300,981,6.72,6.72,146,146,0.0,0.0,443,0,0.0,0.0,0,0,0.0,0.0,0,0,0.0,0.0,0,0,"(8,)",0,0,0,0,0.0,9,458868515.625,24,34,20260110,20000920,464685507.8125,12270000.0,1473028437.5,32614227500.0,0.0,0.0,2199.999988079071,49684010000.0,20919348750.0,11110061250.0,2393592031.25,39078.0,23050822500.0,244270000.0,4581380000.0,21015455000.0,31251460000.0,25781397500.0,11004463750.0,1143336015.625,84765000.0,888135000.0,192407988.28125,5794623750.0,1139499062.5,982150000.0,1002842968.75,10438818125.0,4.521999835968018,9.0,458868515.625,1,3088185110.15625,3088185110.15625,1.0,True,True,True
0,000404,18,7.18,7.18,0.0,0.0,0.0,9:22:14.406,9222401,0,0,0,5.877471754111438e-39,0,0,-33400,1159,7.2,7.2,161,161,0.0,0.0,0,334,0.0,0.0,0,0,0.0,0.0,0,0,0.0,0.0,0,0,"(8,)",0,0,0,0,0.0,18,692719609.375,22,23,20251023,19960619,695996015.625,12340000.0,3759364062.5,96869820000.0,0.0,0.0,5500.00011920929,151571590000.0,115506160000.0,15750201250.0,2046110000.0,30044.0,89338320000.0,13812912500.0,15952551250.0,42522180000.0,93490320000.0,80946260000.0,27403372500.0,6103385000.0,699833984.375,4739920000.0,12938211250.0,13725431250.0,6111013750.0,5252245000.0,3798670000.0,18454576250.0,6.109000205993652,9.0,692719609.375,1,4973726795.3125,4973726795.3125,1.0,True,True,True
0,000419,12,6.68,6.68,0.0,0.0,0.0,9:22:14.406,9222401,0,0,0,5.877471754111438e-39,0,0,-59800,227,6.69,6.69,34,34,0.0,0.0,0,598,0.0,0.0,0,0,0.0,0.0,0,0,0.0,0.0,0,0,"(8,)",0,0,0,0,0.0,12,543582695.3125,21,12,20260115,19960816,543582695.3125,15520000.0,1461816718.75,12834572500.0,0.0,0.0,2300.000041723252,56931980000.0,25169380000.0,6940940625.0,1927214062.5,25729.0,11140572500.0,3254465000.0,4173943125.0,34974000000.0,13563580000.0,10466496250.0,693097031.25,1615265937.5,764592031.25,2976674062.5,1796407968.75,1916800937.5,1643415000.0,1369124062.5,1244138984.375,14403515000.0,6.434000015258789,9.0,543582695.3125,1,3631132404.6875,3631132404.6875,1.0,True,True,True
0,000421,18,7.08,7.08,0.0,0.0,0.0,9:22:03.606,9220601,0,0,0,5.877471754111438e-39,0,0,33300,2521,7.1,7.1,355,355,0.0,0.0,333,0,0.0,0.0,0,0,0.0,0.0,0,0,0.0,0.0,0,0,"(8,)",0,0,0,0,0.0,18,574296289.0625,26,42,20251028,19960806,574415703.125,13450000.0,-144157802.734375,36379860000.0,0.0,0.0,2000.0000298023224,105708600000.0,48398695000.0,36912897500.0,1069474062.5,31623.0,55550710000.0,11936232500.0,4081243125.0,28097875000.0,59683190000.0,51473180000.0,3359805000.0,2560211875.0,121943007.8125,15770742500.0,-23207001.953125,21868755000.0,2591796093.75,1877730000.0,1159011015.625,16109748750.0,4.892000198364258,9.0,574296289.0625,1,4066017726.5625,4066017726.5625,0.95,True,True,True
0,000428,24,3.95,3.95,0.0,0.0,0.0,9:22:19.806,9223301,0,0,0,5.877471754111438e-39,0,0,49600,352,3.91,3.91,90,90,0.0,0.0,496,0,0.0,0.0,0,0,0.0,0.0,0,0,0.0,0.0,0,0,"(8,)",0,0,0,0,0.0,24,1018926015.625,21,10,20251029,19960808,1018926015.625,17610000.0,-1115811406.25,4550696250.0,0.0,0.0,-1500.0000596046448,44984410000.0,9729132500.0,19271801250.0,3271310000.0,46075.0,31213297500.0,-5472375000.0,14520462500.0,13937892500.0,3981031875.0,3441878125.0,472371015.625,-2000064062.5,-103377001.953125,227386015.625,46957001.953125,4695887812.5,-1992322031.25,-1954651875.0,-1562063906.25,-12241890000.0,1.368000030517578,9.0,1018926015.625,1,4024757761.71875,4024757761.71875,0.8,True,True,True
0,000430,22,7.49,7.49,0.0,0.0,0.0,9:21:18.006,9213001,0,0,0,5.877471754111438e-39,0,0,-2300,396,7.48,7.48,53,53,0.0,0.0,0,23,0.0,0.0,0,0,0.0,0.0,0,0,0.0,0.0,0,0,"(8,)",0,0,0,0,0.0,22,370556484.375,21,10,20251226,19960829,809635390.625,23780000.0,-647250507.8125,3102056875.0,0.0,0.0,-599.9999865889549,20991755000.0,1186190000.0,8871136875.0,4541523125.0,19698.0,8568122500.0,0.0,8522395000.0,2677614062.5,3365975000.0,2735040937.5,81823999.0234375,-132520000.0,22868999.0234375,418876992.1875,59000000.0,37773999.0234375,-133357998.046875,-223963984.375,-223963984.375,-10515551250.0,0.6610000133514404,9.0,370556484.375,1,2775468067.96875,2775468067.96875,1.0,True,True,True
0,000488,20,2.12,2.12,0.0,0.0,0.0,9:22:03.606,9220601,0,0,0,5.877471754111438e-39,0,0,-1570900,297,2.12,2.12,140,140,0.0,0.0,0,15709,0.0,0.0,0,0,0.0,0.0,0,0,0.0,0.0,0,0,"(8,)",0,0,0,0,0.0,20,1681387343.75,15,38,20251031,20001120,2941456250.0,12220000.0,-7100985000.0,198247460000.0,706385234.375,528305195.3125,-20499.99952316284,528549760000.0,85279520000.0,297749800000.0,16165218750.0,109647.0,400892040000.0,21475597500.0,52412795000.0,31968895000.0,33478605000.0,54326125000.0,8824521250.0,-65228440000.0,-7154050000.0,7025893125.0,-405815000.0,26830045000.0,-65493170000.0,-64365090000.0,-60078160000.0,-53999990000.0,1.087000012397766,9.0,1681387343.75,1,3564541168.75,3564541168.75,1.0,True,True,True
0,000504,4,8.84,8.84,0.0,0.0,0.0,9:20:27.006,9204501,0,0,0,5.877471754111438e-39,0,0,-9400,669,8.8,8.8,76,76,0.0,0.0,0,94,0.0,0.0,0,0,0.0,0.0,0,0,0.0,0.0,0,0,"(8,)",0,0,0,0,0.0,4,329117890.625,21,34,20251027,19921208,330023085.9375,22750000.0,-84107597.65625,924170625.0,0.0,0.0,199.99999552965164,8419559375.0,5174368125.0,1484317031.25,623653984.375,12189.0,3643578750.0,1203283984.375,4234728125.0,2423275000.0,834383984.375,305173007.8125,1382132968.75,-24811000.9765625,53103002.9296875,173248007.8125,-447125000.0,462548007.8125,-31110000.0,-31495000.0,52322998.046875,-5457141250.0,0.734000027179718,9.0,329117890.625,1,2909402153.125,2909402153.125,1.0,True,True,True
0,000505,18,7.2,7.2,0.0,0.0,0.0,9:22:19.806,9223301,0,0,0,5.877471754111438e-39,0,0,4700,1420,7.21,7.21,197,197,0.0,0.0,47,0,0.0,0.0,0,0,0.0,0.0,0,0,0.0,0.0,0,0,"(8,)",0,0,0,0,0.0,18,632380390.625,30,14,20260105,19921221,726950234.375,12130000.0,278544296.875,94933670000.0,64975000.0,0.0,-700.0000029802322,84974840000.0,64703845000.0,8351063125.0,3744364062.5,57700.0,38193735000.0,3401301875.0,16836737500.0,30783515000.0,62115240000.0,59029200000.0,976221953.125,-528590000.0,44873002.9296875,1490879062.5,5031657812.5,33017137500.0,-679746015.625,-787287031.25,-515016015.625,5288969375.0,4.235000133514404,9.0,632380390.625,1,4553138812.5,4553138812.5,0.8,True,True,True
0,000507,23,5.47,5.47,0.0,0.0,0.0,9:22:25.206,9224201,0,0,0,5.877471754111438e-39,0,0,-6800,1914,5.5,5.5,348,348,0.0,0.0,0,68,0.0,0.0,0,0,0.0,0.0,0,0,0.0,0.0,0,0,"(8,)",0,0,0,0,0.0,23,902354531.25,12,16,20260202,19930326,919734921.875,16550000.0,2387892187.5,40335870000.0,0.0,0.0,2500.0,202266560000.0,57418140000.0,69174775000.0,13909947500.0,66552.0,43900485000.0,29694100000.0,13712315000.0,62724800000.0,32439140000.0,23354847500.0,13021222500.0,5420471250.0,1528277968.75,6926250000.0,-12811961250.0,2749243125.0,5137523125.0,3937955937.5,2483917031.25,25570240000.0,5.951000213623047,9.0,902354531.25,1,4935879285.9375,4935879285.9375,1.0,True,True,True
0,000509,13,3.52,3.52,0.0,0.0,0.0,9:21:18.006,9213001,0,0,0,5.877471754111438e-39,0,0,92200,872,3.5,3.5,249,249,0.0,0.0,922,0,0.0,0.0,0,0,0.0,0.0,0,0,0.0,0.0,0,0,"(8,)",0,0,0,0,0.0,13,1073124765.625,23,35,20260122,19930507,1073127968.75,12390000.0,-123317099.609375,7154946875.0,0.0,0.0,-99.99999776482582,8714050625.0,6069130625.0,1357792031.25,311953007.8125,35000.0,4535873125.0,809075937.5,2507822031.25,1242707031.25,5884425000.0,5588291250.0,1844973125.0,-87219003.90625,0.0,-16149000.244140623,-146022998.046875,1685170000.0,-86327001.953125,-92207001.953125,-98557998.046875,-12156351250.0,0.1159999966621398,9.0,1073124765.625,1,3777399175.0,3777399175.0,1.0,True,True,True
0,000514,18,5.26,5.26,0.0,0.0,0.0,9:22:25.206,9224201,0,0,0,5.877471754111438e-39,0,0,12400,1315,5.28,5.28,249,249,0.0,0.0,124,0,0.0,0.0,0,0,0.0,0.0,0,0,0.0,0.0,0,0,"(8,)",0,0,0,0,0.0,18,843770937.5,25,11,20260119,19930712,843770937.5,20700000.0,-455557812.5,2950316250.0,0.0,0.0,1899.999976158142,72499295000.0,39454885000.0,5755298750.0,996840000.0,50739.0,24339522500.0,2779458125.0,11977821250.0,37923340000.0,1982080000.0,1626945937.5,2423042968.75,1819432031.25,2457876875.0,604072031.25,-28726000.9765625,27342627500.0,1895022031.25,1592417968.75,1613361093.75,15454873750.0,4.494999885559082,9.0,843770937.5,1,4438235131.25,4438235131.25,0.9,True,True,True
0,000518,12,2.59,2.59,0.0,0.0,0.0,9:22:25.206,9224201,0,0,0,5.877471754111438e-39,0,0,79200,550,2.58,2.58,213,213,0.0,0.0,792,0,0.0,0.0,0,0,0.0,0.0,0,0,0.0,0.0,0,0,"(8,)",0,0,0,0,0.0,12,1029535703.125,26,34,20260204,19930908,1029556328.125,12270000.0,-146171601.5625,1559943437.5,0.0,0.0,-99.99999776482582,5091444062.5,3968364062.5,486351992.1875,102902001.953125,59387.0,892163984.375,264620000.0,355726992.1875,3590159062.5,2943740937.5,1948471093.75,742903984.375,-131306005.859375,15474000.244140623,839712031.25,681520000.0,2222590937.5,-140775000.0,-134955000.0,-126972998.046875,-7445830000.0,0.3490000069141388,9.0,1029535703.125,1,2666497471.09375,2666497471.09375,1.0,True,True,True
0,000520,17,4.57,4.57,0.0,0.0,0.0,9:21:34.206,9215701,0,0,0,5.877471754111438e-39,0,0,2600,847,4.58,4.58,185,185,0.0,0.0,26,0,0.0,0.0,0,0,0.0,0.0,0,0,0.0,0.0,0,0,"(8,)",0,0,0,0,0.0,17,1012083437.5,19,8,20260202,19931025,1012083437.5,16550000.0,-220828808.59375,7554985000.0,0.0,0.0,-599.9999865889549,6312420000.0,3285734062.5,2813350937.5,0.0,71642.0,1990855000.0,0.0,19600945000.0,4027560937.5,5485069375.0,5161455000.0,866736015.625,-555248007.8125,0.0,-46137998.046875,761153984.375,101790000.0,-555385976.5625,-556171015.625,-556171015.625,-28177977500.0,0.3980000019073486,9.0,1012083437.5,1,4625221309.375,4625221309.375,1.0,True,True,True
0,000529,19,6.27,6.27,0.0,0.0,0.0,9:21:23.406,9213901,0,0,0,5.877471754111438e-39,0,0,6200,1800,6.25,6.25,288,288,0.0,0.0,62,0,0.0,0.0,0,0,0.0,0.0,0,0,0.0,0.0,0,0,"(8,)",0,0,0,0,0.0,19,569884414.0625,12,14,20251029,19931118,583790312.5,12130000.0,850940703.125,18820298750.0,0.0,0.0,1199.99997317791,68169220000.0,27629350000.0,9594186250.0,2192811875.0,34215.0,18487120000.0,457473007.8125,4182455937.5,31694487500.0,16886547500.0,16074051250.0,460062031.25,722822031.25,578685000.0,-1419725000.0,-700045000.0,2821277812.5,806883984.375,681895000.0,671488984.375,14796442500.0,5.428999900817871,9.0,569884414.0625,1,3573175276.1718745,3573175276.1718745,1.0,True,True,True
0,000548,22,5.83,5.83,0.0,0.0,0.0,9:21:34.206,9215701,0,0,0,5.877471754111438e-39,0,0,35400,349,5.81,5.81,60,60,0.0,0.0,354,0,0.0,0.0,0,0,0.0,0.0,0,0,0.0,0.0,0,0,"(8,)",0,0,0,0,0.0,22,499173984.375,21,6,20260202,19931220,499215781.25,16540000.0,917972265.625,5142118125.0,0.0,0.0,1099.9999940395355,24637172500.0,13404381250.0,3326273125.0,1319079062.5,41964.0,3232470000.0,0.0,4782680000.0,20679706250.0,3784762187.5,2084720000.0,299374003.90625,827419062.5,4441000.061035156,-331911015.625,-1358236093.75,5318951875.0,812761015.625,563706992.1875,563706992.1875,9164661250.0,4.142000198364258,9.0,499173984.375,1,2910184328.90625,2910184328.90625,1.0,True,True,True
0,000570,9,6.09,6.09,0.0,0.0,0.0,9:22:14.406,9222401,0,0,0,5.877471754111438e-39,0,0,-1700,274,6.08,6.08,45,45,0.0,0.0,0,17,0.0,0.0,0,0,0.0,0.0,0,0,0.0,0.0,0,0,"(8,)",0,0,0,0,0.0,9,555692500.0,26,26,20260123,19940701,705692500.0,12340000.0,463574414.0625,19579668750.0,150000000.0,0.0,599.9999865889549,53049530000.0,31883220000.0,5633566250.0,1382122031.25,44754.0,15175587500.0,812705000.0,6405096250.0,34368485000.0,20623801250.0,18330623750.0,12977511250.0,629937968.75,89907998.046875,-2149157031.25,-1950152968.75,5196850000.0,630576992.1875,505064023.4375,444887968.75,10210599375.0,4.869999885559082,9.0,555692500.0,1,3384167325.0,3384167325.0,1.0,True,True,True
0,000590,13,12.28,12.28,0.0,0.0,0.0,9:22:19.806,9223301,0,0,0,5.877471754111438e-39,0,0,4900,3847,12.29,12.29,313,313,0.0,0.0,49,0,0.0,0.0,0,0,0.0,0.0,0,0,0.0,0.0,0,0,"(8,)",0,0,0,0,0.0,13,239371406.25,21,34,20251223,19960119,239471308.59375,12270000.0,-284544707.03125,2162311875.0,0.0,0.0,-599.9999865889549,9455893125.0,4312295000.0,2845903750.0,1261262968.75,17617.0,1624625000.0,24270000.0,4740643125.0,5834255000.0,2248157031.25,1198992031.25,32345000.0,-123868007.8125,922999.9542236328,331316992.1875,-195907988.28125,1149050937.5,-127360996.09375,-150629003.90625,-148206005.859375,-1760085000.0,2.436000108718872,9.0,239371406.25,1,2939480868.75,2939480868.75,1.0,True,True,True
0,000605,15,7.29,7.29,0.0,0.0,0.0,9:22:14.406,9222401,0,0,0,5.877471754111438e-39,0,0,-4300,2318,7.29,7.29,318,318,0.0,0.0,0,43,0.0,0.0,0,0,0.0,0.0,0,0,0.0,0.0,0,0,"(8,)",0,0,0,0,0.0,15,352658593.75,7,42,20251028,19960913,352658593.75,13460000.0,120922197.265625,12028471250.0,0.0,0.0,399.9999910593033,78877555000.0,21857105000.0,21960642500.0,6841390000.0,23196.0,30021340000.0,5443911250.0,10891757500.0,21304867500.0,11354967500.0,8815550000.0,10291092500.0,286913984.375,261716992.1875,262385000.0,-1768050937.5,785486015.625,278045996.09375,166018984.375,132015000.0,6154301250.0,6.040999889373779,9.0,352658593.75,1,2570881148.4375,2570881148.4375,1.0,True,True,True
0,000619,25,6.61,6.61,0.0,0.0,0.0,9:22:19.806,9223301,0,0,0,5.877471754111438e-39,0,0,300,1142,6.64,6.64,172,172,0.0,0.0,3,0,0.0,0.0,0,0,0.0,0.0,0,0,0.0,0.0,0,0,"(8,)",0,0,0,0,0.0,25,360000000.0,24,21,20251029,19961023,441168789.0625,12290000.0,-264124609.375,40876247500.0,0.0,0.0,-900.0000357627869,53623230000.0,31845960000.0,16498320000.0,3759985000.0,26369.0,20951223750.0,4019839062.5,8580446250.0,25502205000.0,36553747500.0,33331900000.0,10583921250.0,-329360000.0,27317998.046875,1733332031.25,371460000.0,9575175000.0,-320984003.90625,-367381015.625,-383481015.625,9950968125.0,5.781000137329102,9.0,360000000.0,1,2379600000.0,2379600000.0,1.0,True,True,True
0,000626,12,7.75,7.75,0.0,0.0,0.0,9:21:28.806,9214801,0,0,0,5.877471754111438e-39,0,0,-600,156,7.78,7.78,20,20,0.0,0.0,0,6,0.0,0.0,0,0,0.0,0.0,0,0,0.0,0.0,0,0,"(8,)",0,0,0,0,0.0,12,503716484.375,26,13,20251027,19961128,506626914.0625,15510000.0,-760738203.125,666028720000.0,0.0,0.0,599.9999865889549,84251170000.0,70833560000.0,4191601875.0,1166690000.0,22483.0,54422830000.0,2434477968.75,13182611250.0,23759547500.0,634836840000.0,632456760000.0,12269910000.0,712163984.375,2135000937.5,-4645909062.5,-1755871093.75,10092249375.0,808991015.625,467078984.375,321810000.0,5134396875.0,4.690000057220459,9.0,503716484.375,1,3903802753.90625,3903802753.90625,1.0,True,True,True
0,000635,4,10.22,10.22,0.0,0.0,0.0,9:20:27.006,9204501,0,0,0,5.877471754111438e-39,0,0,7500,51,10.23,10.23,5,5,0.0,0.0,75,0,0.0,0.0,0,0,0.0,0.0,0,0,0.0,0.0,0,0,"(8,)",0,0,0,0,0.0,4,303087597.65625,14,19,20260203,19961120,394133593.75,12260000.0,-2579159062.5,13759887500.0,0.0,0.0,-7900.000214576721,29931522500.0,7968965625.0,19440615000.0,604281992.1875,20348.0,12829900000.0,0.0,24680805000.0,15433193750.0,12800352500.0,14251660000.0,435480000.0,-2443189062.5,1031000.0610351562,-3055826875.0,4333207812.5,945369062.5,-2407000000.0,-2474253906.25,-2474253906.25,-14513476250.0,3.9159998893737793,9.0,303087597.65625,1,3097555248.046875,3097555248.046875,1.0,True,True,True
0,000669,53,3.08,3.08,0.0,0.0,0.0,9:22:25.206,9224201,0,0,0,5.877471754111438e-39,0,0,48787600,47520,3.23,3.23,14712,14712,0.0,0.0,487876,0,0.0,0.0,0,0,0.0,0.0,0,0,0.0,0.0,0,0,"(8,)",0,0,0,0,0.0,53,680408828.125,21,42,20251031,19961210,680408828.125,13450000.0,-951792500.0,9518528750.0,0.0,0.0,-700.0000029802322,24016830000.0,2153257031.25,15465498750.0,2718099062.5,15232.0,15753930000.0,912153046.875,16183915000.0,-111008994.140625,9101368750.0,8371255000.0,260312988.28125,-361970000.0,46335996.09375,729416015.625,9487999.877929688,157637998.046875,-523365000.0,-634956015.625,-462308007.8125,-24247280000.0,-0.0160000007599592,9.0,680408828.125,1,2095659190.625,2095659190.625,1.0,True,True,True
0,000679,8,7.43,7.43,0.0,0.0,0.0,9:22:14.406,9222401,0,0,0,5.877471754111438e-39,0,0,-2300,894,7.39,7.39,121,121,0.0,0.0,0,23,0.0,0.0,0,0,0.0,0.0,0,0,0.0,0.0,0,0,"(8,)",0,0,0,0,0.0,8,356400000.0,5,12,20251031,19970124,356400000.0,15520000.0,-413423398.4375,1245939531.25,0.0,0.0,-1599.9999642372131,9752015000.0,3160435937.5,1664942031.25,1177082968.75,19099.0,8579586250.0,-863662031.25,688272031.25,1974003906.25,2585551875.0,2123126875.0,445540000.0,-540981015.625,0.0,-1723525000.0,-146253007.8125,625247031.25,-666986015.625,-667041015.625,-571000000.0,-4261390000.0,0.5540000200271606,9.0,356400000.0,1,2648052000.0,2648052000.0,1.0,True,True,True
0,000692,13,3.89,3.89,0.0,0.0,0.0,9:21:01.806,9210301,0,0,0,5.877471754111438e-39,0,0,8900,576,3.89,3.89,148,148,0.0,0.0,89,0,0.0,0.0,0,0,0.0,0.0,0,0,0.0,0.0,0,0,"(8,)",0,0,0,0,0.0,13,532833007.8125,5,42,20251029,19970227,532833007.8125,13440000.0,-4547060937.5,12285098750.0,0.0,0.0,-5899.999737739563,52740245000.0,17181950000.0,33730272500.0,622387968.75,25597.0,41276672500.0,-751445000.0,18497106250.0,-1291211015.625,12236076250.0,14280055000.0,5519440000.0,-4135942187.5,0.0,-4841771875.0,-1151467968.75,4120878125.0,-4144892187.5,-4193395000.0,-3166288125.0,-26898520000.0,-0.2419999986886978,9.0,532833007.8125,1,2072720400.390625,2072720400.390625,0.9,True,True,True
0,000698,20,3.87,3.87,0.0,0.0,0.0,9:22:25.206,9224201,0,0,0,5.877471754111438e-39,0,0,47500,402,3.87,3.87,104,104,0.0,0.0,475,0,0.0,0.0,0,0,0.0,0.0,0,0,0.0,0.0,0,0,"(8,)",0,0,0,0,0.0,20,785714375.0,5,5,20251025,19970220,819514375.0,12260000.0,-1870128125.0,36056097500.0,0.0,0.0,1099.9999940395355,52001385000.0,22157637500.0,22702210000.0,5250166250.0,46492.0,31239080000.0,0.0,13371190000.0,14773331250.0,40025922500.0,36989337500.0,1983515000.0,873365000.0,0.0,4590487187.5,4081655937.5,3168170000.0,1029903046.875,888971953.125,888971953.125,-10643800000.0,1.8029999732971191,9.0,785714375.0,1,3040714631.25,3040714631.25,1.0,True,True,True
0,000701,12,6.38,6.38,0.0,0.0,0.0,9:22:19.806,9223301,0,0,0,5.877471754111438e-39,0,0,3800,160,6.39,6.39,25,25,0.0,0.0,38,0,0.0,0.0,0,0,0.0,0.0,0,0,0.0,0.0,0,0,"(8,)",0,0,0,0,0.0,12,667746562.5,20,13,20260110,19970226,668313125.0,15510000.0,-1417887968.75,342857520000.0,0.0,0.0,-1299.9999523162842,171584120000.0,119116310000.0,8931503125.0,1390094062.5,48340.0,108979510000.0,8413161250.0,26509045000.0,24938627500.0,269210100000.0,262050520000.0,23859255000.0,588610976.5625,2174831093.75,-14350176250.0,4002226875.0,25569815000.0,595808007.8125,306282011.71875,66375000.0,-40088840000.0,-0.7490000128746033,9.0,667746562.5,1,4260223068.75,4260223068.75,0.9,True,True,True
0,000702,20,7.2,7.2,0.0,0.0,0.0,9:22:25.206,9224201,0,0,0,5.877471754111438e-39,0,0,-30700,792,7.2,7.2,110,110,0.0,0.0,0,307,0.0,0.0,0,0,0.0,0.0,0,0,0.0,0.0,0,0,"(8,)",0,0,0,0,0.0,20,266634609.375,21,17,20251028,19970318,346625000.0,12130000.0,-222408808.59375,7847202500.0,0.0,0.0,-299.99999329447746,5055842187.5,2194817031.25,1261951953.125,59396000.9765625,31981.0,2025075000.0,-587312968.75,4365423125.0,3520348750.0,7968913125.0,7408031250.0,798817031.25,-101769003.90625,1779000.0915527344,-361137968.75,-2281807968.75,864192031.25,-99528994.140625,-101607001.953125,-104797998.046875,-4844605937.5,1.0160000324249268,9.0,266634609.375,1,1919769187.5,1919769187.5,1.0,True,True,True
0,000705,22,9.61,9.61,0.0,0.0,0.0,9:22:25.206,9224201,0,0,0,5.877471754111438e-39,0,0,-8600,1460,9.67,9.67,151,151,0.0,0.0,0,86,0.0,0.0,0,0,0.0,0.0,0,0,0.0,0.0,0,0,"(8,)",0,0,0,0,0.0,22,281960703.125,28,12,20251031,19970410,334123281.25,15510000.0,435689414.0625,28516245000.0,0.0,0.0,1700.0000178813934,30307602500.0,14712365000.0,7279580000.0,1004245000.0,35792.0,6772028125.0,0.0,5197368125.0,20174685000.0,17796306250.0,13179162500.0,3187190000.0,669986015.625,333143984.375,300290000.0,-113631992.1875,4989335000.0,651073007.8125,560447031.25,560599023.4375,9790855000.0,6.038000106811523,9.0,281960703.125,1,2709642357.03125,2709642357.03125,1.0,True,True,True
0,000707,8,6.68,6.68,0.0,0.0,0.0,9:22:19.806,9223301,0,0,0,5.877471754111438e-39,0,0,8400,935,6.68,6.68,140,140,0.0,0.0,84,0,0.0,0.0,0,0,0.0,0.0,0,0,0.0,0.0,0,0,"(8,)",0,0,0,0,0.0,8,464145781.25,19,19,20251028,19970415,584717187.5,12260000.0,3394271562.5,20409411250.0,0.0,0.0,-500.0000074505806,56804045000.0,16958636250.0,33870122500.0,4478090000.0,39069.0,12457770000.0,489612031.25,16245026250.0,28474260000.0,15505231250.0,12958372500.0,0.0,668849062.5,19930000.0,-553035000.0,-2880693125.0,1113413984.375,686886015.625,273070996.09375,-262345996.09375,3704862812.5,4.869999885559082,9.0,464145781.25,1,3100493818.75,3100493818.75,1.0,True,True,True
0,000713,14,6.85,6.85,0.0,0.0,0.0,9:22:03.606,9220601,0,0,0,5.877471754111438e-39,0,0,-75800,925,6.85,6.85,135,135,0.0,0.0,0,758,0.0,0.0,0,0,0.0,0.0,0,0,0.0,0.0,0,0,"(8,)",0,0,0,0,0.0,14,614015000.0,24,17,20260202,19970422,798219531.25,10050000.0,-710513437.5,17204847500.0,0.0,0.0,-1500.0000596046448,35230580000.0,21051065000.0,5612451250.0,2605852968.75,67378.0,13275597500.0,758927031.25,4471451250.0,19058286250.0,15255948750.0,13858056250.0,2664196250.0,-958367031.25,18307000.732421875,1364962031.25,1204000000.0,9876150000.0,-973710000.0,-977200937.5,-907137968.75,7355656250.0,3.1040000915527344,9.0,614015000.0,1,4206002750.0,4206002750.0,0.85,True,True,True
0,000715,12,6.55,6.55,0.0,0.0,0.0,9:22:25.206,9224201,0,0,0,5.877471754111438e-39,0,0,4100,943,6.55,6.55,144,144,0.0,0.0,41,0,0.0,0.0,0,0,0.0,0.0,0,0,0.0,0.0,0,0,"(8,)",0,0,0,0,0.0,12,538993398.4375,5,12,20260202,19970508,540434609.375,15520000.0,552588007.8125,5663524375.0,0.0,0.0,1299.9999523162842,26964647500.0,10314036250.0,5759896250.0,1546284062.5,20000.0,6180342500.0,12140000.0,590514023.4375,19645668750.0,5619950000.0,2522025000.0,17996999.51171875,909071953.125,8832000.122070312,977455937.5,-365893007.8125,726280000.0,911790000.0,685752968.75,684145000.0,11472210000.0,3.634999990463257,9.0,538993398.4375,1,3530406759.765625,3530406759.765625,0.9,True,True,True
0,000720,28,3.81,3.81,0.0,0.0,0.0,9:22:25.206,9224201,0,0,0,5.877471754111438e-39,0,0,14500,1082,3.81,3.81,284,284,0.0,0.0,145,0,0.0,0.0,0,0,0.0,0.0,0,0,0.0,0.0,0,0,"(8,)",0,0,0,0,0.0,28,1256531562.5,15,8,20260203,19970509,1256531562.5,12380000.0,-430526601.5625,7880308750.0,0.0,0.0,-0.0,52089140000.0,46967310000.0,643498007.8125,73489003.90625,62627.0,19799556250.0,981344062.5,5562276250.0,23577520000.0,10274713125.0,9698168750.0,5915511250.0,-9860000.0,7698999.6337890625,5324845000.0,-356637031.25,35545900000.0,-5985999.755859375,-24866999.51171875,-39676999.51171875,3942585937.5,1.8760000467300413,9.0,1256531562.5,1,4787385253.125,4787385253.125,0.75,True,True,True
0,000726,13,7.65,7.65,0.0,0.0,0.0,9:21:34.206,9215701,0,0,0,5.877471754111438e-39,0,0,-5700,329,7.66,7.66,43,43,0.0,0.0,0,57,0.0,0.0,0,0,0.0,0.0,0,0,0.0,0.0,0,0,"(8,)",0,0,0,0,0.0,13,589117812.5,15,15,20260106,20001225,817307031.25,12170000.0,2878533750.0,44010720000.0,226125996.09375,0.0,6200.000047683716,141683210000.0,66280460000.0,56906760000.0,3251611875.0,46011.0,16208961250.0,3173526875.0,1789290937.5,97532310000.0,42998195000.0,33037487500.0,7764925000.0,5868192500.0,2510206093.75,4091805000.0,1915618906.25,21565720000.0,5917282500.0,5121850000.0,5026715937.5,72723755000.0,11.845999717712402,9.0,589117812.5,1,4506751265.625,4506751265.625,1.0,True,True,True
0,000731,16,6.98,6.98,0.0,0.0,0.0,9:21:18.006,9213001,0,0,0,5.877471754111438e-39,0,0,9000,1059,6.92,6.92,153,153,0.0,0.0,90,0,0.0,0.0,0,0,0.0,0.0,0,0,0.0,0.0,0,0,"(8,)",0,0,0,0,0.0,16,548825898.4375,23,28,20260202,19970617,548825898.4375,12260000.0,1893807968.75,28684725000.0,0.0,0.0,-99.99999776482582,51678615000.0,30194862500.0,17905886250.0,1702906093.75,37821.0,5363428125.0,3378740000.0,4465371875.0,40329062500.0,27171622500.0,24427205000.0,908228046.875,77640996.09375,258870996.09375,-857367031.25,-328787031.25,4828705000.0,75439003.90625,-82760000.0,-72902001.953125,26462477500.0,7.217000007629394,9.0,548825898.4375,1,3830804771.09375,3830804771.09375,1.0,True,True,True
0,000752,10,10.86,10.86,0.0,0.0,0.0,9:18:21.606,9183601,0,0,0,5.877471754111438e-39,0,0,0,0,0.0,0.0,0,0,0.0,0.0,0,0,0.0,0.0,0,0,0.0,0.0,0,0,0.0,0.0,0,0,"(8,)",0,0,0,0,0.0,10,263758496.09375,31,37,20260126,19970625,263758496.09375,12150000.0,239918691.40625,2994596250.0,0.0,0.0,5500.00011920929,14077498750.0,10596365000.0,1422501875.0,52510996.09375,15873.0,2012317031.25,5583532500.0,5458403750.0,6147163750.0,3251251875.0,1861976875.0,101999.99809265137,2729940000.0,-22025000.0,1012953046.875,3992471250.0,353084023.4375,2773111875.0,2538514062.5,1449070000.0,-2641075000.0,2.3310000896453857,9.0,263758496.09375,1,2864417267.578125,2864417267.578125,1.0,True,True,True
0,000757,10,5.29,5.29,0.0,0.0,0.0,9:22:14.406,9222401,0,0,0,5.877471754111438e-39,0,0,-43300,292,5.3,5.3,55,55,0.0,0.0,0,433,0.0,0.0,0,0,0.0,0.0,0,0,0.0,0.0,0,0,"(8,)",0,0,0,0,0.0,10,532706015.625,23,7,20260203,19970627,532716093.75,15520000.0,-238920000.0,26295305000.0,0.0,0.0,799.9999821186066,24612977500.0,16131237500.0,4956723125.0,268008007.8125,25602.0,7953511875.0,0.0,14941710000.0,15921430000.0,21830527500.0,19042347500.0,1382586093.75,533989023.4375,-24891999.51171875,2313384062.5,-387601015.625,3970282812.5,535331992.1875,427751992.1875,427751992.1875,-4754953125.0,2.989000082015991,9.0,532706015.625,1,2818014822.65625,2818014822.65625,1.0,True,True,True
0,000779,27,9.19,9.19,0.0,0.0,0.0,9:22:19.806,9223301,0,0,0,5.877471754111438e-39,0,0,12500,2040,9.15,9.15,223,223,0.0,0.0,125,0,0.0,0.0,0,0,0.0,0.0,0,0,0.0,0.0,0,0,"(8,)",0,0,0,0,0.0,27,464774687.5,4,21,20260202,19970528,464829492.1875,22740000.0,1803250312.5,13703638750.0,0.0,0.0,3400.000035762787,54431595000.0,36403130000.0,9743534375.0,1895450937.5,28201.0,13071415000.0,63659003.90625,17075442500.0,39525340000.0,14147545000.0,8970488125.0,16131237500.0,1931600000.0,70071997.0703125,-1232324062.5,-5019246875.0,374325000.0,1929210937.5,1576535000.0,1577157031.25,16996668750.0,8.503000259399414,9.0,464774687.5,1,4271279378.125,4271279378.125,1.0,True,True,True
0,000788,7,6.36,6.36,0.0,0.0,0.0,9:22:14.406,9222401,0,0,0,5.877471754111438e-39,0,0,-2800,332,6.38,6.38,52,52,0.0,0.0,0,28,0.0,0.0,0,0,0.0,0.0,0,0,0.0,0.0,0,0,"(8,)",0,0,0,0,0.0,7,595987382.8125,25,34,20251031,19970616,595987382.8125,12270000.0,1303649921.875,15343302500.0,0.0,0.0,2300.000041723252,20988900000.0,17561792500.0,1180740000.0,1244600000.0,49362.0,4628678750.0,-6462999.877929688,1991728906.25,16149765000.0,12311932500.0,8984228125.0,7565805000.0,1640377968.75,24718999.0234375,1317382968.75,356481015.625,1440501875.0,1666556093.75,1359805937.5,1359805937.5,7502355000.0,2.7100000381469727,9.0,595987382.8125,1,3790479754.6875,3790479754.6875,0.8,True,True,True
0,000789,11,5.69,5.69,0.0,0.0,0.0,9:17:03.606,9170601,0,0,0,5.877471754111438e-39,0,0,-4300,159,5.69,5.69,28,28,0.0,0.0,0,43,0.0,0.0,0,0,0.0,0.0,0,0,0.0,0.0,0,0,"(8,)",0,0,0,0,0.0,11,797407421.875,22,22,20251030,19970923,797407421.875,12300000.0,69781401.3671875,40180030000.0,0.0,0.0,99.99999776482582,157993820000.0,71804855000.0,60604180000.0,15273600000.0,46758.0,41172380000.0,33524947500.0,519483007.8125,65903920000.0,33277070000.0,28063987500.0,14790675000.0,696330000.0,173346992.1875,4155935000.0,1696203906.25,4626043125.0,749400937.5,170893984.375,74853999.0234375,53907990000.0,8.07699966430664,9.0,797407421.875,1,4537248230.46875,4537248230.46875,1.0,True,True,True
0,000790,17,4.08,4.08,0.0,0.0,0.0,9:22:25.206,9224201,0,0,0,5.877471754111438e-39,0,0,-60800,2780,4.1,4.1,678,678,0.0,0.0,0,608,0.0,0.0,0,0,0.0,0.0,0,0,0.0,0.0,0,0,"(8,)",0,0,0,0,0.0,17,622614609.375,23,34,20251030,19980327,623719414.0625,12270000.0,57378701.171875,6630792500.0,0.0,0.0,-1599.9999642372131,18617050000.0,5462131875.0,4569807812.5,1762167031.25,36981.0,8000481250.0,174715000.0,662902031.25,9323530000.0,4573846250.0,2493496093.75,2701561875.0,-916119062.5,-250587988.28125,-103406992.1875,-499964023.4375,601727968.75,-929417031.25,-971142031.25,-977851953.125,1181117031.25,1.4950000047683716,9.0,622614609.375,1,2540267606.25,2540267606.25,0.95,True,True,True
0,000802,38,4.92,4.92,0.0,0.0,0.0,9:22:19.806,9223301,0,0,0,5.877471754111438e-39,0,0,176000,2862,4.9,4.9,584,584,0.0,0.0,1760,0,0.0,0.0,0,0,0.0,0.0,0,0,0.0,0.0,0,0,"(8,)",0,0,0,0,0.0,38,715465234.375,7,18,20251025,19980108,715900234.375,27870000.0,-399105781.25,993666562.5,0.0,0.0,-4300.000071525574,19851743750.0,8604096875.0,601395000.0,4659164062.5,61932.0,11565697500.0,-206381015.625,31759915000.0,7794171250.0,2498523125.0,4512676875.0,859051953.125,-2523275000.0,2308999.938964844,858571953.125,581883984.375,430170000.0,-3014330000.0,-3053339062.5,-3053318125.0,-31652937500.0,1.0889999866485596,9.0,715465234.375,1,3520088953.125,3520088953.125,0.85,True,True,True
0,000809,17,3.51,3.51,0.0,0.0,0.0,9:22:19.806,9223301,0,0,0,5.877471754111438e-39,0,0,400,586,3.53,3.53,166,166,0.0,0.0,4,0,0.0,0.0,0,0,0.0,0.0,0,0,0.0,0.0,0,0,"(8,)",0,0,0,0,0.0,17,824791328.125,5,43,20260128,19980616,824791328.125,12380000.0,-784303671.875,850060937.5,0.0,0.0,-599.9999865889549,29091562500.0,11341165000.0,2880765000.0,785295000.0,28743.0,2259767031.25,102337001.953125,827658984.375,26705950000.0,1026855000.0,1081921953.125,1093117968.75,-490585976.5625,-88682001.953125,-538428984.375,-8379345000.0,673530000.0,-490568984.375,-504616992.1875,-499100000.0,15662545000.0,3.23799991607666,9.0,824791328.125,1,2895017561.71875,2895017561.71875,1.0,True,True,True
0,000826,37,2.26,2.26,0.0,0.0,0.0,9:22:25.206,9224201,0,0,0,5.877471754111438e-39,0,0,-38500,11503,2.29,2.29,5023,5023,0.0,0.0,0,385,0.0,0.0,0,0,0.0,0.0,0,0,0.0,0.0,0,0,"(8,)",0,0,0,0,0.0,37,1425172968.75,19,39,20260205,19980225,1425353281.25,23780000.0,-11125786250.0,36941772500.0,0.0,0.0,-5400.000214576721,186717500000.0,62836655000.0,13936898750.0,71609375000.0,69689.0,93539120000.0,25408802500.0,65114310000.0,419100976.5625,33037772500.0,25350417500.0,42487930000.0,-4582630937.5,-2193353906.25,4426631875.0,-823646953.125,2395755000.0,-5633061250.0,-6423994375.0,-6831749375.0,-84684390000.0,0.0289999991655349,9.0,1425172968.75,1,3220890909.3749995,3220890909.3749995,0.8,True,True,True
0,000838,33,2.73,2.73,0.0,0.0,0.0,9:22:25.206,9224201,0,0,0,5.877471754111438e-39,0,0,-58900,3553,2.75,2.75,1292,1292,0.0,0.0,0,589,0.0,0.0,0,0,0.0,0.0,0,0,0.0,0.0,0,0,"(8,)",0,0,0,0,0.0,33,1053765937.5,25,11,20251028,19970626,1100462187.5,20700000.0,-60341201.171875,7483175000.0,0.0,0.0,-199.99999552965164,24937380000.0,19869490000.0,1282385000.0,71598999.0234375,42794.0,20324137500.0,324008007.8125,2567363125.0,4102446250.0,2137435937.5,1666317968.75,109250996.09375,-308116992.1875,-268126992.1875,739875000.0,245995996.09375,14779180000.0,-311937011.71875,-195004003.90625,-186535996.09375,-9882621250.0,0.3729999959468841,9.0,1053765937.5,1,2876781009.375,2876781009.375,0.75,True,True,True
0,000856,18,11.26,11.26,0.0,0.0,0.0,9:22:19.806,9223301,0,0,0,5.877471754111438e-39,0,0,100,2439,11.24,11.24,217,217,0.0,0.0,1,0,0.0,0.0,0,0,0.0,0.0,0,0,0.0,0.0,0,0,"(8,)",0,0,0,0,0.0,18,227000000.0,11,26,20251030,19980813,227000000.0,12350000.0,112354296.875,19018680000.0,0.0,0.0,399.9999910593033,22533997500.0,19201248750.0,2068426875.0,143520996.09375,43804.0,18080137500.0,201043984.375,3586568125.0,4194640937.5,20373155000.0,18985211250.0,9527228125.0,24100998.53515625,45083999.0234375,-589549023.4375,-235470996.09375,3175503750.0,74862001.953125,83827001.953125,81182001.953125,-1767874062.5,1.8480000495910645,9.0,227000000.0,1,2556020000.0,2556020000.0,0.75,True,True,True
0,000862,12,6.38,6.38,0.0,0.0,0.0,9:22:14.406,9222401,0,0,0,5.877471754111438e-39,0,0,3300,798,6.38,6.38,125,125,0.0,0.0,33,0,0.0,0.0,0,0,0.0,0.0,0,0,0.0,0.0,0,0,"(8,)",0,0,0,0,0.0,12,627967109.375,14,16,20251025,19980915,917954687.5,13440000.0,1905295937.5,9301226250.0,0.0,0.0,2599.9999046325684,88700810000.0,24756315000.0,59815320000.0,771965000.0,47122.0,30934397500.0,810438984.375,34312715000.0,44831955000.0,9752275625.0,5992065000.0,23336837500.0,2663018125.0,27045998.53515625,10441881875.0,-55542998.046875,365303007.8125,2661598125.0,2429415937.5,2374515000.0,1095880000.0,4.883999824523926,9.0,627967109.375,1,4006430157.8125,4006430157.8125,0.85,True,True,True
0,000868,10,4.92,4.92,0.0,0.0,0.0,9:22:03.606,9220601,0,0,0,5.877471754111438e-39,0,0,-33800,271,4.92,4.92,55,55,0.0,0.0,0,338,0.0,0.0,0,0,0.0,0.0,0,0,0.0,0.0,0,0,"(8,)",0,0,0,0,0.0,10,733328437.5,24,7,20260202,19970725,939514765.625,12360000.0,-53590000.0,16942357500.0,0.0,0.0,-99.99999776482582,42529620000.0,31963450000.0,5798238125.0,1611162968.75,46856.0,33051490000.0,355196015.625,13122737500.0,8513180000.0,24459747500.0,22500055000.0,12694221250.0,-202545000.0,44962998.046875,-344330000.0,-503816992.1875,3739693125.0,-198098007.8125,-199336992.1875,-86578994.140625,-14780481250.0,0.906000018119812,9.0,733328437.5,1,3607975912.5,3607975912.5,1.0,True,True,True
0,000889,15,3.8,3.8,0.0,0.0,0.0,9:22:03.606,9220601,0,0,0,5.877471754111438e-39,0,0,1000,1300,3.8,3.8,342,342,0.0,0.0,10,0,0.0,0.0,0,0,0.0,0.0,0,0,0.0,0.0,0,0,"(8,)",0,0,0,0,0.0,15,869849687.5,11,24,20251031,19971218,936291093.75,18650000.0,-230992695.3125,10780760000.0,0.0,0.0,-299.99999329447746,8891875000.0,7087411875.0,434790000.0,5091000.061035156,38025.0,7896461250.0,1361999.969482422,14896637500.0,709770000.0,11859761250.0,10968132500.0,5859631875.0,-266486015.625,0.0,-230116992.1875,-360046015.625,333748007.8125,-304146992.1875,-293636015.625,-293384003.90625,-24594235000.0,0.0759999975562095,9.0,869849687.5,1,3305428812.5,3305428812.5,0.95,True,True,True
0,000897,10,2.31,2.31,0.0,0.0,0.0,9:21:28.806,9214801,0,0,0,5.877471754111438e-39,0,0,99600,1393,2.31,2.31,603,603,0.0,0.0,996,0,0.0,0.0,0,0,0.0,0.0,0,0,0.0,0.0,0,0,"(8,)",0,0,0,0,0.0,10,1617241562.5,9,11,20251029,19990422,1617272187.5,20700000.0,3713594375.0,16548512500.0,0.0,0.0,99.99999776482582,44871190000.0,41884860000.0,39073999.0234375,14785999.755859377,81953.0,13018590000.0,996550000.0,3092440937.5,30724975000.0,3074664062.5,2020710937.5,453641015.625,322960000.0,141643994.140625,-6625740625.0,-6053063125.0,33521777500.0,311161015.625,145158994.140625,181963007.8125,10603522500.0,1.899999976158142,9.0,1617241562.5,1,3735828009.375,3735828009.375,0.9,True,True,True
0,000906,8,6.24,6.24,0.0,0.0,0.0,9:21:12.606,9212101,0,0,0,5.877471754111438e-39,0,0,-102400,785,6.23,6.23,126,126,0.0,0.0,0,1024,0.0,0.0,0,0,0.0,0.0,0,0,0.0,0.0,0,0,"(8,)",0,0,0,0,0.0,8,701239765.625,28,12,20251025,19990707,709663203.125,21720000.0,3620042500.0,1472104480000.0,0.0,0.0,2300.000041723252,533931960000.0,502259600000.0,14477731250.0,4572969062.5,28465.0,414844360000.0,37929427500.0,8543915625.0,57559240000.0,1706224320000.0,1692114400000.0,73461325000.0,6247128125.0,3002943125.0,-55241460000.0,-5369332500.0,200738780000.0,6235861250.0,4499994062.5,1900270000.0,28120740000.0,6.702000141143799,9.0,701239765.625,1,4375736137.5,4375736137.5,1.0,True,True,True
0,000909,0,5.55,5.55,0.0,0.0,0.0,9:15:00.006,9150001,0,0,0,5.877471754111438e-39,0,0,0,0,0.0,0.0,0,0,0.0,0.0,0,0,0.0,0.0,0,0,0.0,0.0,0,0,0.0,0.0,0,0,"(8,)",0,0,0,0,0.0,0,437710585.9375,28,25,20251025,19990507,437714296.875,20700000.0,481931093.75,2354099843.75,0.0,0.0,-1500.0000596046448,23454990000.0,7903753125.0,4689835000.0,65164003.90625,18619.0,11760745000.0,492001992.1875,9990350000.0,9929511250.0,2422067031.25,1552812031.25,699611015.625,-450326992.1875,-125390000.0,458678984.375,-6183000.48828125,3993537812.5,-451564023.4375,-641927968.75,-674612031.25,-4650634062.5,2.2690000534057617,9.0,437710585.9375,1,2429293751.953125,2429293751.953125,1.0,True,True,True
0,000910,5,7.85,7.85,0.0,0.0,0.0,9:22:25.206,9224201,0,0,0,5.877471754111438e-39,0,0,-1900,299,7.88,7.88,38,38,0.0,0.0,0,19,0.0,0.0,0,0,0.0,0.0,0,0,0.0,0.0,0,0,"(8,)",0,0,0,0,0.0,5,547184492.1875,26,4,20251030,19990630,547397500.0,12200000.0,1340603281.25,37723055000.0,0.0,0.0,1299.9999523162842,97451220000.0,71187340000.0,14824025000.0,4766975000.0,17629.0,27499312500.0,1489048125.0,2433890937.5,67172980000.0,34039287500.0,25232287500.0,15925348750.0,754133984.375,74832001.953125,-200743984.375,-449591015.625,18121395000.0,744452968.75,540000976.5625,731730000.0,55944305000.0,12.270999908447266,9.0,547184492.1875,1,4295398263.671875,4295398263.671875,1.0,True,True,True
0,000919,13,7.74,7.74,0.0,0.0,0.0,9:22:19.806,9223301,0,0,0,5.877471754111438e-39,0,0,10100,294,7.73,7.73,38,38,0.0,0.0,101,0,0.0,0.0,0,0,0.0,0.0,0,0,0.0,0.0,0,0,"(8,)",0,0,0,0,0.0,13,621766718.75,26,34,20260202,19991118,621924492.1875,12270000.0,767564531.25,25305950000.0,0.0,0.0,1099.9999940395355,60239970000.0,35439652500.0,13646337500.0,3228650000.0,33513.0,9606682500.0,10547395000.0,10882738750.0,37923630000.0,23801430000.0,18886112500.0,5146471875.0,896028046.875,135212001.953125,892921953.125,-5769676250.0,2671485000.0,897111015.625,748181953.125,684582968.75,16668992500.0,6.079999923706055,9.0,621766718.75,1,4812474403.125,4812474403.125,1.0,True,True,True
0,000926,12,2.36,2.36,0.0,0.0,0.0,9:21:34.206,9215701,0,0,0,5.877471754111438e-39,0,0,-48700,444,2.36,2.36,188,188,0.0,0.0,0,487,0.0,0.0,0,0,0.0,0.0,0,0,0.0,0.0,0,0,"(8,)",0,0,0,0,0.0,12,1573209218.75,19,11,20260204,19990618,1592964843.75,20700000.0,166303398.4375,22807670000.0,0.0,0.0,-5400.000214576721,278625120000.0,216095500000.0,5337643125.0,479390000.0,41600.0,135073560000.0,8823275000.0,23553630000.0,86265110000.0,10161336875.0,8856178125.0,3268735937.5,-7508906250.0,-804685000.0,2176582031.25,628012968.75,180122040000.0,-7568706250.0,-8818567500.0,-8669931250.0,34140490000.0,5.414999961853027,9.0,1573209218.75,1,3712773756.25,3712773756.25,1.0,True,True,True
0,000929,3,9.99,9.99,0.0,0.0,0.0,9:17:30.606,9175101,0,0,0,5.877471754111438e-39,0,0,-400,320,10.0,10.0,32,32,0.0,0.0,0,4,0.0,0.0,0,0,0.0,0.0,0,0,0.0,0.0,0,0,"(8,)",0,0,0,0,0.0,3,185754199.21875,4,37,20260206,19990623,185765996.09375,12150000.0,-386837890.625,1779108750.0,0.0,0.0,599.9999865889549,11185596250.0,4897960000.0,1433663906.25,481355000.0,10939.0,3318055000.0,3141725000.0,1844118906.25,4673251250.0,2194464062.5,1749570000.0,775328984.375,-178735996.09375,31282998.046875,-1338027968.75,164468984.375,1896496093.75,-221856015.625,-221826992.1875,109282998.046875,1030261015.625,2.5160000324249268,9.0,185754199.21875,1,1855684450.1953125,1855684450.1953125,1.0,True,True,True
0,000931,45,5.3,5.3,0.0,0.0,0.0,9:22:25.206,9224201,0,0,0,5.877471754111438e-39,0,0,86300,14843,5.21,5.21,2849,2849,0.0,0.0,863,0,0.0,0.0,0,0,0.0,0.0,0,0,0.0,0.0,0,0,"(8,)",0,0,0,0,0.0,45,751029531.25,7,34,20251030,19990712,753127031.25,12270000.0,516290390.625,19298437500.0,0.0,0.0,700.0000029802322,38161262500.0,17410130000.0,8555215000.0,1172412031.25,68039.0,13703623750.0,2286338125.0,15760287500.0,16378623750.0,18824625000.0,7597725000.0,10745945000.0,848296015.625,-16825999.755859375,232561015.625,429285000.0,2020700000.0,838955000.0,612535000.0,494912968.75,-7468765000.0,2.174999952316284,9.0,751029531.25,1,3980456515.625,3980456515.625,0.95,True,True,True
0,000952,11,8.04,8.04,0.0,0.0,0.0,9:21:18.006,9213001,0,0,0,5.877471754111438e-39,0,0,600,2243,8.04,8.04,279,279,0.0,0.0,6,0,0.0,0.0,0,0,0.0,0.0,0,0,0.0,0.0,0,0,"(8,)",0,0,0,0,0.0,11,343993984.375,19,34,20260203,19991112,346750390.625,12270000.0,-1585755937.5,4621936250.0,0.0,0.0,-2800.000011920929,25803247500.0,8218617500.0,14395306250.0,2052715000.0,31564.0,12252257500.0,-22303000.48828125,3654192187.5,9654307500.0,4292637187.5,3030734062.5,1450900000.0,-1050121015.625,187998007.8125,476428984.375,-549981992.1875,3173477812.5,-1069857031.25,-1070283984.375,-972986015.625,1100932968.75,2.7839999198913574,9.0,343993984.375,1,2765711634.3749995,2765711634.3749995,0.7,True,True,True
0,000953,5,7.31,7.31,0.0,0.0,0.0,9:22:19.806,9223301,0,0,0,5.877471754111438e-39,0,0,-87600,1279,7.31,7.31,175,175,0.0,0.0,0,876,0.0,0.0,0,0,0.0,0.0,0,0,0.0,0.0,0,0,"(8,)",0,0,0,0,0.0,5,366122187.5,10,34,20251028,19991202,366122187.5,12270000.0,792887187.5,1666951250.0,0.0,0.0,199.99999552965164,2721195000.0,1116482031.25,1339192031.25,207088984.375,35836.0,908855937.5,176228007.8125,5053053125.0,1541363906.25,1294521015.625,1060985000.0,154749003.90625,85203994.140625,0.0,427245000.0,-426237031.25,344006015.625,84927001.953125,86521992.1875,79331000.9765625,-7313261250.0,0.4210000038146972,9.0,366122187.5,1,2676353190.625,2676353190.625,0.95,True,True,True
0,000955,26,5.88,5.88,0.0,0.0,0.0,9:22:09.006,9221501,0,0,0,5.877471754111438e-39,0,0,3700,2619,5.86,5.86,447,447,0.0,0.0,37,0,0.0,0.0,0,0,0.0,0.0,0,0,0.0,0.0,0,0,"(8,)",0,0,0,0,0.0,26,537993007.8125,30,15,20260203,19991209,538395000.0,12170000.0,-138664697.265625,3933412187.5,0.0,0.0,0.0,8579575000.0,4523026875.0,2480725937.5,758115000.0,47466.0,987132031.25,567220000.0,4896810000.0,6483218125.0,3332598750.0,3009252812.5,727395000.0,-9419000.244140623,22616999.51171875,-238725000.0,-1395194062.5,819767968.75,-12283999.0234375,-13282000.732421877,2302000.1220703125,-3797542187.5,1.2039999961853027,9.0,537993007.8125,1,3163398885.9375,3163398885.9375,0.95,True,True,True
0,000965,26,4.16,4.16,0.0,0.0,0.0,9:22:25.206,9224201,0,0,0,5.877471754111438e-39,0,0,8400,1868,4.18,4.18,447,447,0.0,0.0,84,0,0.0,0.0,0,0,0.0,0.0,0,0,0.0,0.0,0,0,"(8,)",0,0,0,0,0.0,26,1109830937.5,9,11,20251025,20000406,1109830937.5,20700000.0,8900900.268554688,15677013750.0,0.0,0.0,599.9999865889549,154942000000.0,130833400000.0,3641360000.0,21923000.48828125,54637.0,54009020000.0,11759113750.0,23128160000.0,54939270000.0,23200435000.0,21292815000.0,1184761015.625,1080363984.375,295296992.1875,-9463388125.0,2766598125.0,105394100000.0,1083219062.5,1114171953.125,646110000.0,17783656250.0,4.949999809265137,9.0,1109830937.5,1,4616896700.0,4616896700.0,0.85,True,True,True
0,000978,10,7.34,7.34,0.0,0.0,0.0,9:22:30.606,9225101,0,0,0,5.877471754111438e-39,0,0,500,1064,7.34,7.34,145,145,0.0,0.0,5,0,0.0,0.0,0,0,0.0,0.0,0,0,0.0,0.0,0,0,"(8,)",0,0,0,0,0.0,10,468118789.0625,10,10,20260204,20000518,468130000.0,23780000.0,68030698.2421875,3421115000.0,0.0,0.0,799.9999821186066,22774475000.0,3170325000.0,9766786250.0,3141549062.5,29461.0,5511138125.0,-1791999.969482422,13288500000.0,11077627500.0,3387684062.5,2267427968.75,687981953.125,368987968.75,221211015.625,1076416015.625,1442442031.25,42857998.046875,426225000.0,334403007.8125,357676992.1875,-7813477500.0,2.365999937057495,9.0,468118789.0625,1,3435991911.71875,3435991911.71875,1.0,True,True,True
0,000985,5,21.38,21.38,0.0,0.0,0.0,9:22:30.606,9225101,0,0,0,5.877471754111438e-39,0,0,-3200,602,21.5,21.5,28,28,0.0,0.0,0,32,0.0,0.0,0,0,0.0,0.0,0,0,0.0,0.0,0,0,"(8,)",0,0,0,0,0.0,5,129639501.953125,1,19,20251030,20000726,129639501.953125,12260000.0,311297304.6875,15052927500.0,0.0,0.0,1000.0000149011612,7293781250.0,4414131875.0,2368573125.0,122406005.859375,12622.0,1043640000.0,0.0,2909072187.5,6149943125.0,14318850000.0,13457551250.0,0.0,175345000.0,0.0,1183071015.625,768870000.0,359526015.625,176336992.1875,132253007.8125,132253007.8125,1250174062.5,4.74399995803833,9.0,129639501.953125,1,2771692551.7578125,2771692551.7578125,0.95,True,True,True
0,001201,10,15.13,15.13,0.0,0.0,0.0,9:19:12.606,9192101,0,0,0,5.877471754111438e-39,0,0,300,91,15.13,15.13,6,6,0.0,0.0,3,0,0.0,0.0,0,0,0.0,0.0,0,0,0.0,0.0,0,0,"(8,)",0,0,0,0,0.0,10,203134609.375,12,17,20251031,20210428,257784003.90625,10030000.0,-769769609.375,10658586250.0,0.0,0.0,399.9999910593033,62069500000.0,15217467500.0,39648027500.0,292557011.71875,17738.0,16126097500.0,34490000.0,27323735000.0,33970587500.0,15997973750.0,13086522500.0,59460000.0,149610996.09375,-22181000.9765625,1357055000.0,-111141005.859375,8924263125.0,131989003.90625,112746992.1875,114675000.0,3657101875.0,13.178000450134276,9.0,203134609.375,1,3073426639.84375,3073426639.84375,1.0,True,True,True
0,001205,32,16.27,16.27,0.0,0.0,0.0,9:19:28.806,9194801,0,0,0,5.877471754111438e-39,0,0,2000,98,16.28,16.28,6,6,0.0,0.0,20,0,0.0,0.0,0,0,0.0,0.0,0,0,0.0,0.0,0,0,"(8,)",0,0,0,0,0.0,32,159502304.6875,26,8,20260105,20210513,188003496.09375,16550000.0,1347378750.0,11307730000.0,0.0,0.0,3899.999856948853,45663580000.0,4999668125.0,35990905000.0,0.0,13486.0,11388382500.0,1618715937.5,10079421250.0,21196877500.0,10794996250.0,8268193750.0,1232661015.625,898346953.125,-101000.00381469728,3440285937.5,-1358525000.0,682492031.25,925208984.375,774125937.5,732625000.0,8351121875.0,11.072999954223633,9.0,159502304.6875,1,2595102497.265625,2595102497.265625,1.0,True,True,True
0,001211,7,29.65,29.65,0.0,0.0,0.0,9:22:25.206,9224201,0,0,0,5.877471754111438e-39,0,0,29700,3292,29.66,29.66,111,111,0.0,0.0,297,0,0.0,0.0,0,0,0.0,0.0,0,0,0.0,0.0,0,0,"(8,)",0,0,0,0,0.0,7,66996601.5625,28,4,20251216,20210805,72000000.0,12200000.0,141532597.65625,9277658750.0,0.0,0.0,1099.9999940395355,18562936250.0,7944556875.0,7429750000.0,1437019062.5,8642.0,8079253125.0,98282998.046875,4871682812.5,8642990625.0,10832132500.0,7268290000.0,2425667968.75,48005000.0,966999.969482422,260962011.71875,-988500000.0,3371823750.0,36031000.9765625,82667001.953125,84384003.90625,2999466875.0,12.003999710083008,9.0,66996601.5625,1,1986449236.328125,1986449236.328125,0.95,True,True,True
0,001216,14,18.81,18.81,0.0,0.0,0.0,9:22:30.606,9225101,0,0,0,5.877471754111438e-39,0,0,100,2237,18.8,18.8,119,119,0.0,0.0,1,0,0.0,0.0,0,0,0.0,0.0,0,0,0.0,0.0,0,0,"(8,)",0,0,0,0,0.0,14,246023906.25,21,4,20251027,20211019,251866699.21875,12300000.0,1685051718.75,9824150625.0,0.0,0.0,7500.0,21909947500.0,11746085000.0,5517945000.0,1043637031.25,16295.0,2731633125.0,92805000.0,5565220000.0,18083686250.0,11329422500.0,7523440000.0,1340437031.25,2155400937.5,97610000.0,2897410937.5,3347746250.0,1605111093.75,2134842968.75,1871238125.0,1890173125.0,9069475000.0,7.179999828338623,9.0,246023906.25,1,4627709676.5625,4627709676.5625,0.9,True,True,True
0,001217,52,14.07,14.07,0.0,0.0,0.0,9:22:30.606,9225101,0,0,0,5.877471754111438e-39,0,0,-2600,29878,14.08,14.08,2122,2122,0.0,0.0,0,26,0.0,0.0,0,0,0.0,0.0,0,0,0.0,0.0,0,0,"(8,)",0,0,0,0,0.0,52,328583007.8125,24,19,20251027,20210929,331870000.0,12260000.0,802719531.25,12071511250.0,0.0,0.0,700.0000029802322,34730335000.0,9857815000.0,22075535000.0,824857031.25,21798.0,11308501250.0,0.0,8486531875.0,22485725000.0,15219118750.0,14109537500.0,438800000.0,302638984.375,31771999.51171875,1126205000.0,-549755000.0,1823325937.5,355363984.375,219831015.625,219831015.625,9013275000.0,6.775000095367432,9.0,328583007.8125,1,4623162919.921875,4623162919.921875,0.95,True,True,True
0,001218,16,25.95,25.95,0.0,0.0,0.0,9:22:25.206,9224201,0,0,0,5.877471754111438e-39,0,0,700,675,25.96,25.96,26,26,0.0,0.0,7,0,0.0,0.0,0,0,0.0,0.0,0,0,0.0,0.0,0,0,"(8,)",0,0,0,0,0.0,16,92907197.265625,21,19,20260203,20211015,130178300.78125,12260000.0,759048593.75,25759925000.0,0.0,0.0,7699.999809265137,30768880000.0,17585676250.0,7952078125.0,1596205937.5,12436.0,7096852500.0,0.0,13183043750.0,22747452500.0,34798312500.0,31309975000.0,4930678750.0,1034671015.625,23120000.0,2282996093.75,-1381125937.5,4084565000.0,1037287031.25,1005037968.75,1005037968.75,7683731875.0,17.474000930786133,9.0,92907197.265625,1,2410941769.0429688,2410941769.0429688,0.95,True,True,True
0,001219,10,15.03,15.03,0.0,0.0,0.0,9:21:23.406,9213901,0,0,0,5.877471754111438e-39,0,0,7400,661,15.03,15.03,44,44,0.0,0.0,74,0,0.0,0.0,0,0,0.0,0.0,0,0,0.0,0.0,0,0,"(8,)",0,0,0,0,0.0,10,190122109.375,15,14,20251218,20211021,194983808.59375,12140000.0,866002812.5,3952648437.5,0.0,0.0,4799.999892711639,12862685000.0,9172463125.0,298750996.09375,138287998.046875,15060.0,2215989062.5,15780000.0,2629677812.5,10618410000.0,4234198125.0,2555420000.0,195153007.8125,1247632031.25,94852001.953125,1271298046.875,132181005.859375,229278007.8125,1237141015.625,928770000.0,927690000.0,5402407500.0,5.446000099182129,9.0,190122109.375,1,2857535303.90625,2857535303.90625,1.0,True,True,True
0,001222,4,22.46,22.46,0.0,0.0,0.0,9:21:07.206,9211201,0,0,0,5.877471754111438e-39,0,0,900,45,22.45,22.45,2,2,0.0,0.0,9,0,0.0,0.0,0,0,0.0,0.0,0,0,0.0,0.0,0,0,"(8,)",0,0,0,0,0.0,4,107409902.34375,28,50,20251030,20220818,190890000.0,12410000.0,1197396171.875,9307911250.0,0.0,0.0,6899.999976158142,18355050000.0,12269980000.0,4021885000.0,329321015.625,13616.0,2198059062.5,1837421093.75,4998876250.0,14245690000.0,12812965000.0,9867857500.0,3321832812.5,1693015000.0,8905000.0,165456015.625,-496581992.1875,3096636875.0,1685435000.0,1578659062.5,1302151953.125,6928080000.0,7.4629998207092285,9.0,107409902.34375,1,2412426406.640625,2412426406.640625,1.0,True,True,True
0,001234,4,27.97,27.97,0.0,0.0,0.0,9:19:34.206,9195701,0,0,0,5.877471754111438e-39,0,0,700,84,27.99,27.99,3,3,0.0,0.0,7,0,0.0,0.0,0,0,0.0,0.0,0,0,0.0,0.0,0,0,"(8,)",0,0,0,0,0.0,4,91520498.046875,26,41,20251027,20220111,109413701.171875,12180000.0,650215781.25,6651598750.0,0.0,0.0,3199.9999284744263,11591827500.0,7478561875.0,3066355000.0,258588984.375,18999.0,2418536875.0,0.0,5735357500.0,9130971875.0,6237980000.0,5179585937.5,2238290000.0,377510000.0,35661999.51171875,252003007.8125,-731165000.0,1445854062.5,374088984.375,345435000.0,345435000.0,2115535000.0,8.345000267028809,9.0,91520498.046875,1,2559828330.3710938,2559828330.3710938,0.9,True,True,True
0,001239,6,16.98,16.98,0.0,0.0,0.0,9:22:14.406,9222401,0,0,0,5.877471754111438e-39,0,0,3000,559,16.93,16.93,33,33,0.0,0.0,30,0,0.0,0.0,0,0,0.0,0.0,0,0,0.0,0.0,0,0,"(8,)",0,0,0,0,0.0,6,114000000.0,21,26,20260106,20231212,240000000.0,12330000.0,451594687.5,4276168437.5,0.0,0.0,3000.0001192092896,41345352500.0,31630185000.0,6489200000.0,1387754062.5,17977.0,12345295000.0,6756435000.0,7794892500.0,13781467500.0,15259387500.0,13019432500.0,8544400625.0,1479885000.0,46947001.953125,44796000.9765625,103350000.0,9106222500.0,1480117968.75,1299587031.25,719518984.375,3295787812.5,5.742000102996826,9.0,114000000.0,1,1935720000.0,1935720000.0,0.95,True,True,True
0,001256,3,22.39,22.39,0.0,0.0,0.0,9:21:01.806,9210301,0,0,0,5.877471754111438e-39,0,0,-300,203,22.55,22.55,9,9,0.0,0.0,0,3,0.0,0.0,0,0,0.0,0.0,0,0,0.0,0.0,0,0,"(8,)",0,0,0,0,0.0,3,106912597.65625,28,26,20251230,20221205,142612597.65625,12350000.0,801469062.5,3821193125.0,0.0,0.0,5699.999928474426,15851830000.0,8290665625.0,2580215000.0,446477968.75,9526.0,3644715937.5,0.0,6984185000.0,12086705000.0,4095555937.5,2719830000.0,132250000.0,933717968.75,150687001.953125,650085000.0,-283720000.0,2062626875.0,933448046.875,811181953.125,811181953.125,3332685000.0,8.475000381469727,9.0,106912597.65625,1,2393773061.5234375,2393773061.5234375,1.0,True,True,True
0,001259,6,34.15,34.15,0.0,0.0,0.0,9:22:25.206,9224201,0,0,0,5.877471754111438e-39,0,0,900,1488,33.81,33.81,44,44,0.0,0.0,9,0,0.0,0.0,0,0,0.0,0.0,0,0,0.0,0.0,0,0,"(8,)",0,0,0,0,0.0,6,47544501.953125,7,23,20251211,20220831,73588901.3671875,12380000.0,100983701.171875,2623686250.0,0.0,0.0,599.9999865889549,8388121875.0,4002323750.0,232149003.90625,563276992.1875,6584.0,1009308984.375,45142998.046875,3985730000.0,7142430000.0,2869056875.0,2082714062.5,559448007.8125,-7397000.122070312,0.0,140153007.8125,-1526920937.5,800687031.25,-8194000.244140625,33755000.0,41639003.90625,2414732968.75,9.706000328063965,9.0,47544501.953125,1,1623644741.6992188,1623644741.6992188,0.85,True,True,True
0,001277,10,41.76,41.76,0.0,0.0,0.0,9:21:23.406,9213901,0,0,0,5.877471754111438e-39,0,0,100,1587,41.76,41.76,38,38,0.0,0.0,1,0,0.0,0.0,0,0,0.0,0.0,0,0,0.0,0.0,0,0,"(8,)",0,0,0,0,0.0,10,45382797.8515625,13,26,20260203,20240903,76000000.0,12430000.0,1122630781.25,8466572500.0,0.0,0.0,9900.000095367432,20758431250.0,15738136250.0,3510710937.5,545887968.75,10846.0,4584328125.0,253170996.09375,6351371250.0,15466526250.0,7237140625.0,5614980000.0,5989446250.0,961887968.75,594000.0152587891,-25336000.9765625,151880000.0,3118736875.0,962613984.375,799787031.25,753385000.0,7804792500.0,20.35099983215332,9.0,45382797.8515625,1,1895185638.28125,1895185638.28125,0.8,True,True,True
0,001279,13,34.94,34.94,0.0,0.0,0.0,9:22:19.806,9223301,0,0,0,5.877471754111438e-39,0,0,-400,527,35.12,35.12,15,15,0.0,0.0,0,4,0.0,0.0,0,0,0.0,0.0,0,0,0.0,0.0,0,0,"(8,)",0,0,0,0,0.0,13,40000000.0,24,46,20251117,20241011,160000000.0,12230000.0,695181562.5,11172548750.0,0.0,0.0,2800.000011920929,16595897500.0,13280020000.0,1073801953.125,123543994.140625,17938.0,6392563125.0,-1630000.0,4915135937.5,10079125000.0,10711821250.0,9648822500.0,2487977968.75,488273007.8125,57100000.0,3593193125.0,2202525000.0,1559287031.25,486410976.5625,453977968.75,455608984.375,3233600000.0,6.298999786376953,9.0,40000000.0,1,1397600000.0,1397600000.0,1.0,True,True,True
0,001299,16,13.33,13.33,0.0,0.0,0.0,9:22:25.206,9224201,0,0,0,5.877471754111438e-39,0,0,-600,1070,13.38,13.38,80,80,0.0,0.0,0,6,0.0,0.0,0,0,0.0,0.0,0,0,0.0,0.0,0,0,"(8,)",0,0,0,0,0.0,16,218400898.4375,8,42,20260204,20221031,242638593.75,13450000.0,545945000.0,4389460000.0,0.0,0.0,2700.0001072883606,15886770000.0,8480475000.0,4532040937.5,345698007.8125,17016.0,3960998125.0,0.0,4531080000.0,11816022500.0,5148103125.0,4134128125.0,219299003.90625,794537031.25,83275000.0,110331992.1875,-1711271093.75,144650996.09375,796512031.25,659825937.5,662687031.25,4737032812.5,4.869999885559082,9.0,218400898.4375,1,2911283976.171875,2911283976.171875,0.8,True,True,True
0,001300,8,17.2,17.2,0.0,0.0,0.0,9:22:03.606,9220601,0,0,0,5.877471754111438e-39,0,0,3200,992,17.1,17.1,58,58,0.0,0.0,32,0,0.0,0.0,0,0,0.0,0.0,0,0,0.0,0.0,0,0,"(8,)",0,0,0,0,0.0,8,243775898.4375,15,50,20251028,20221019,243775898.4375,12240000.0,206806191.40625,3998444062.5,0.0,0.0,-199.99999552965164,12715986250.0,10105921875.0,1204460000.0,413816015.625,14065.0,1975836875.0,51178999.0234375,6151268125.0,10360850000.0,3509369062.5,2860525000.0,857860000.0,-104112001.953125,83971992.1875,-134275996.09375,238155000.0,1255792031.25,-110012998.046875,-55608002.9296875,-46001000.9765625,1604180937.5,4.25,9.0,243775898.4375,1,4192945453.125,4192945453.125,1.0,True,True,True
0,001318,8,15.28,15.28,0.0,0.0,0.0,9:22:03.606,9220601,0,0,0,5.877471754111438e-39,0,0,1700,1190,15.26,15.26,78,78,0.0,0.0,17,0,0.0,0.0,0,0,0.0,0.0,0,0,0.0,0.0,0,0,"(8,)",0,0,0,0,0.0,8,282660000.0,22,14,20260203,20220520,282660000.0,12140000.0,854819531.25,3854899687.5,0.0,0.0,3100.000023841858,15267862500.0,12520722500.0,2107132031.25,210625000.0,24539.0,706271015.625,69910000.0,5619536250.0,14419426250.0,3561026875.0,2139425937.5,320542988.28125,926257031.25,0.0,968978046.875,835778984.375,354331992.1875,902485000.0,861446015.625,873971953.125,4704214062.5,5.10099983215332,9.0,282660000.0,1,4319044800.0,4319044800.0,1.0,True,True,True
0,001324,16,19.6,19.6,0.0,0.0,0.0,9:22:09.006,9221501,0,0,0,5.877471754111438e-39,0,0,6900,1950,19.7,19.7,99,99,0.0,0.0,69,0,0.0,0.0,0,0,0.0,0.0,0,0,0.0,0.0,0,0,"(8,)",0,0,0,0,0.0,16,81653598.6328125,26,8,20260203,20230522,138000000.0,12370000.0,487124804.6875,3295152812.5,0.0,0.0,2700.0001072883606,13724873750.0,10454465000.0,1228967968.75,237400996.09375,14391.0,2287682031.25,83099003.90625,6762825000.0,11337186250.0,3355478125.0,2337663125.0,3727948125.0,416939023.4375,7735999.755859375,91662998.046875,-342336015.625,1687945000.0,408626992.1875,379278007.8125,366735000.0,2961165000.0,8.21500015258789,9.0,81653598.6328125,1,1600410533.203125,1600410533.203125,0.95,True,True,True
0,001328,7,42.61,42.61,0.0,0.0,0.0,9:21:28.806,9214801,0,0,0,5.877471754111438e-39,0,0,300,128,42.52,42.52,3,3,0.0,0.0,3,0,0.0,0.0,0,0,0.0,0.0,0,0,0.0,0.0,0,0,"(8,)",0,0,0,0,0.0,7,46031201.171875,25,19,20260205,20230410,172173808.59375,12260000.0,1179377265.625,10529210000.0,0.0,0.0,7900.000214576721,19855512500.0,14094235000.0,1725075000.0,201690996.09375,10577.0,4742505000.0,0.0,9969761250.0,14612235000.0,12282890000.0,6080300000.0,327649003.90625,1509865937.5,175585000.0,1768436875.0,-2687472187.5,1836335000.0,1539380000.0,1358804062.5,1358804062.5,2085965937.5,8.487000465393066,9.0,46031201.171875,1,1961389481.9335938,1961389481.9335938,0.75,True,True,True
0,001332,10,57.25,57.25,0.0,0.0,0.0,9:22:14.406,9222401,0,0,0,5.877471754111438e-39,0,0,-2200,1491,57.36,57.36,26,26,0.0,0.0,0,22,0.0,0.0,0,0,0.0,0.0,0,0,0.0,0.0,0,0,"(8,)",0,0,0,0,0.0,10,48003500.9765625,26,26,20260203,20220920,110490000.0,12330000.0,2077995625.0,11719417500.0,0.0,0.0,18099.99942779541,35235130000.0,27960422500.0,4869971250.0,1053478984.375,10007.0,9428709375.0,0.0,13514081250.0,25558005000.0,9635524375.0,6146503750.0,4745625000.0,2394890000.0,90371005.859375,876180000.0,1047896953.125,6373280000.0,2389967968.75,1996335000.0,1996335000.0,10258288125.0,23.131999969482425,9.0,48003500.9765625,1,2748200430.908203,2748200430.908203,0.95,True,True,True
0,001356,5,12.68,12.68,0.0,0.0,0.0,9:19:23.406,9193901,0,0,0,5.877471754111438e-39,0,0,0,0,0.0,0.0,0,0,0.0,0.0,0,0,0.0,0.0,0,0,0.0,0.0,0,0,0.0,0.0,0,0,"(8,)",0,0,0,0,0.0,5,200646796.875,28,47,20260122,20250123,589320000.0,12290000.0,1640456562.5,17064597500.0,0.0,0.0,1400.0000059604645,24999640000.0,11937850000.0,7170063125.0,1847392031.25,35680.0,3564812812.5,-31100000.0,6374466250.0,20412442500.0,15093320000.0,12301300000.0,2517477968.75,909313984.375,17933000.48828125,40721999.51171875,1245037031.25,4967585937.5,908566015.625,769533984.375,776907968.75,7499988125.0,3.46399998664856,9.0,200646796.875,1,2544201384.375,2544201384.375,0.95,True,True,True
0,001358,1,29.21,29.21,0.0,0.0,0.0,9:21:23.406,9213901,0,0,0,5.877471754111438e-39,0,0,-300,88,29.2,29.2,3,3,0.0,0.0,0,3,0.0,0.0,0,0,0.0,0.0,0,0,0.0,0.0,0,0,"(8,)",0,0,0,0,0.0,1,50976298.828125,28,19,20260202,20231221,123200000.0,12260000.0,622118593.75,3318100000.0,0.0,0.0,3700.000047683716,15780298750.0,10944377500.0,3845865000.0,204034003.90625,8193.0,1406729062.5,3266999.8168945312,8328061250.0,14309850000.0,3559305937.5,2565435000.0,514396015.625,492750000.0,75785000.0,307718984.375,-4305421875.0,1152350937.5,484846015.625,419614023.4375,446812968.75,4497673750.0,11.614999771118164,9.0,50976298.828125,1,1489017688.7695312,1489017688.7695312,0.75,True,True,True
0,001367,22,24.42,24.42,0.0,0.0,0.0,9:22:19.806,9223301,0,0,0,5.877471754111438e-39,0,0,600,1152,24.01,24.01,48,48,0.0,0.0,6,0,0.0,0.0,0,0,0.0,0.0,0,0,0.0,0.0,0,0,"(8,)",0,0,0,0,0.0,22,39697700.1953125,28,34,20260203,20230410,152351201.171875,12270000.0,869501406.25,3200445937.5,0.0,0.0,5899.999737739563,15685162500.0,12249922500.0,1838772031.25,1175885000.0,10000.0,1188442968.75,0.0,7311306875.0,14321690000.0,3588671250.0,1952832031.25,607245000.0,1021926953.125,26610000.0,1072042031.25,-5328358750.0,1256930000.0,1023665000.0,882096015.625,882096015.625,5219732812.5,9.427000045776367,9.0,39697700.1953125,1,969417838.7695314,969417838.7695314,0.85,True,True,True
0,001378,9,25.17,25.17,0.0,0.0,0.0,9:21:28.806,9214801,0,0,0,5.877471754111438e-39,0,0,-600,531,25.28,25.28,21,21,0.0,0.0,0,6,0.0,0.0,0,0,0.0,0.0,0,0,0.0,0.0,0,0,"(8,)",0,0,0,0,0.0,9,65759199.21875,12,47,20260202,20231030,133333603.515625,12290000.0,723584531.25,11329081250.0,0.0,0.0,4499.99988079071,23389880000.0,8922306875.0,6531213125.0,2132550937.5,13080.0,3747318125.0,0.0,9237653125.0,18834840000.0,11052685000.0,9578631250.0,540405000.0,657112968.75,118524003.90625,1513557031.25,-2866645000.0,1316487031.25,655757968.75,594958984.375,594958984.375,7908731250.0,14.12600040435791,9.0,65759199.21875,1,1655159044.3359375,1655159044.3359375,0.95,True,True,True
0,001387,7,15.11,15.11,0.0,0.0,0.0,9:22:19.806,9223301,0,0,0,5.877471754111438e-39,0,0,-1200,440,15.18,15.18,29,29,0.0,0.0,0,12,0.0,0.0,0,0,0.0,0.0,0,0,0.0,0.0,0,0,"(8,)",0,0,0,0,0.0,7,113910302.734375,24,23,20251119,20240111,183030390.625,12380000.0,545692500.0,14047751250.0,0.0,0.0,2599.9999046325684,24275840000.0,18188437500.0,5191893125.0,420693984.375,14210.0,10891322500.0,428197031.25,7709100000.0,12507102500.0,14120536250.0,12446820000.0,4716334062.5,479941992.1875,20297999.267578125,1726617031.25,-1121336015.625,2054492968.75,482030000.0,471908984.375,463962031.25,2948624062.5,6.833000183105469,9.0,113910302.734375,1,1721184674.3164062,1721184674.3164062,0.9,True,True,True
0,001388,13,44.89,44.89,0.0,0.0,0.0,9:22:14.406,9222401,0,0,0,5.877471754111438e-39,0,0,-500,2828,44.89,44.89,63,63,0.0,0.0,0,5,0.0,0.0,0,0,0.0,0.0,0,0,0.0,0.0,0,0,"(8,)",0,0,0,0,0.0,13,31200000.0,15,16,20251231,20250701,156000000.0,12390000.0,0.0,0.0,0.0,0.0,5400.000214576721,20003281250.0,17756281250.0,1436227968.75,188700000.0,24901.0,6027211250.0,0.0,5386005625.0,13939167500.0,6678847500.0,4433140000.0,5348761250.0,760646015.625,46895000.0,-172829003.90625,355821015.625,2081798125.0,759060000.0,705600000.0,705600000.0,6362386250.0,8.9350004196167,9.0,31200000.0,1,1400568000.0,1400568000.0,0.7,True,True,True
0,001395,0,44.11,44.11,0.0,0.0,0.0,9:15:00.006,9150001,0,0,0,5.877471754111438e-39,0,0,0,0,0.0,0.0,0,0,0.0,0.0,0,0,0.0,0.0,0,0,0.0,0.0,0,0,0.0,0.0,0,0,"(8,)",0,0,0,0,0.0,0,46890000.0,3,26,20260202,20250127,87240000.0,12350000.0,1257572968.75,6175411250.0,0.0,0.0,16399.999856948853,21395622500.0,13120617500.0,2450235937.5,856660000.0,9736.0,9622943125.0,0.0,4220055000.0,11499713750.0,5392798125.0,3274943125.0,375753984.375,1555505000.0,124541005.859375,-270948007.8125,-1146528984.375,6399307500.0,1606411093.75,1393490937.5,1393490937.5,5786136250.0,13.720000267028809,9.0,46890000.0,1,2068317900.0,2068317900.0,0.95,True,True,True
0,002022,14,6.31,6.31,0.0,0.0,0.0,9:22:25.206,9224201,0,0,0,5.877471754111438e-39,0,0,15300,765,6.32,6.32,121,121,0.0,0.0,153,0,0.0,0.0,0,0,0.0,0.0,0,0,0.0,0.0,0,0,"(8,)",0,0,0,0,0.0,14,514252109.375,16,9,20260105,20040721,514349609.375,12270000.0,-1221406562.5,13502236250.0,0.0,0.0,-4499.99988079071,51702070000.0,27165222500.0,8215585000.0,3762301875.0,48108.0,12305007500.0,6030171875.0,2289150937.5,31437390000.0,11912605000.0,7646461250.0,7454572500.0,-2507325937.5,10560999.755859377,-240968984.375,80141997.0703125,8324186250.0,-2517536875.0,-2538199062.5,-2325326875.0,22099525000.0,6.027999877929688,9.0,514252109.375,1,3244930810.15625,3244930810.15625,0.8,True,True,True
0,002035,8,6.3,6.3,0.0,0.0,0.0,9:22:09.006,9221501,0,0,0,5.877471754111438e-39,0,0,-32700,1191,6.3,6.3,189,189,0.0,0.0,0,327,0.0,0.0,0,0,0.0,0.0,0,0,0.0,0.0,0,0,"(8,)",0,0,0,0,0.0,8,780017968.75,12,23,20260203,20040901,847653593.75,12380000.0,4037911250.0,45755815000.0,0.0,0.0,4300.000071525574,69929010000.0,47161940000.0,14115885000.0,3069165000.0,36734.0,29685375000.0,437387031.25,225320996.09375,38859060000.0,41576452500.0,23576952500.0,7159831250.0,4049076250.0,209817988.28125,2995363125.0,-5316453125.0,7180834375.0,4068680000.0,3549930000.0,3557596250.0,27923850000.0,4.584000110626221,9.0,780017968.75,1,4914113203.125,4914113203.125,1.0,True,True,True
0,002040,17,10.28,10.28,0.0,0.0,0.0,9:22:14.406,9222401,0,0,0,5.877471754111438e-39,0,0,1700,1125,10.23,10.23,110,110,0.0,0.0,17,0,0.0,0.0,0,0,0.0,0.0,0,0,0.0,0.0,0,0,"(8,)",0,0,0,0,0.0,17,486075390.625,26,8,20260129,20050325,487946992.1875,16550000.0,1242685312.5,7271116250.0,0.0,0.0,2899.9999165534973,53823470000.0,9307088125.0,27198545000.0,11010727500.0,42017.0,7173490000.0,6556325000.0,15895862500.0,33781687500.0,7722836250.0,4116826875.0,1492423125.0,2310960937.5,94657998.046875,2315875000.0,2569461875.0,51839003.90625,2313522031.25,1748885000.0,1407355000.0,11590540000.0,6.922999858856201,9.0,486075390.625,1,4996855015.625,4996855015.625,0.75,True,True,True
0,002058,12,23.22,23.22,0.0,0.0,0.0,9:22:14.406,9222401,0,0,0,5.877471754111438e-39,0,0,0,2690,22.8,22.8,118,118,0.0,0.0,0,0,0.0,0.0,0,0,0.0,0.0,0,0,0.0,0.0,0,0,"(8,)",0,0,0,0,0.0,12,143117802.734375,16,51,20251215,20060802,143448300.78125,12400000.0,-12856300.048828123,5523166250.0,0.0,0.0,13600.000143051147,12498501250.0,7785956875.0,3525435000.0,318025996.09375,7708.0,7027438125.0,2671255937.5,2128000.030517578,400113984.375,5878861250.0,4389735000.0,3621335000.0,2760383125.0,2220436875.0,154160996.09375,-197173007.8125,1984682031.25,2764184062.5,2318413125.0,1953445000.0,-1036496953.125,0.2790000140666961,9.0,143117802.734375,1,3323195379.4921875,3323195379.4921875,1.0,True,True,True
0,002069,34,4.13,4.13,0.0,0.0,0.0,9:22:25.206,9224201,0,0,0,5.877471754111438e-39,0,0,-31100,1672,4.17,4.17,401,401,0.0,0.0,0,311,0.0,0.0,0,0,0.0,0.0,0,0,0.0,0.0,0,0,"(8,)",0,0,0,0,0.0,34,710216171.875,5,17,20251030,20060928,711112187.5,10040000.0,-247521093.75,11664550000.0,0.0,0.0,-500.0000074505806,21943427500.0,15294717500.0,3865478125.0,655974062.5,30309.0,18580362500.0,353298007.8125,10231306875.0,181215000.0,10831532500.0,9226835000.0,1424813906.25,-100080000.0,16890000.0,637497031.25,-385863984.375,7091686250.0,-236721992.1875,-400655000.0,-323734003.90625,-19523067500.0,0.025000000372529,9.0,710216171.875,1,2933192789.84375,2933192789.84375,0.95,True,True,True
0,002072,45,7.77,7.77,0.0,0.0,0.0,9:22:25.206,9224201,0,0,0,5.877471754111438e-39,0,0,0,13088,7.69,7.69,1702,1702,0.0,0.0,0,0,0.0,0.0,0,0,0.0,0.0,0,0,0.0,0.0,0,0,"(8,)",0,0,0,0,0.0,45,367531796.875,19,13,20251031,20061018,367680000.0,15510000.0,-25330900.87890625,5017759375.0,0.0,0.0,-599.9999865889549,991610000.0,952165000.0,6691999.51171875,0.0,11274.0,681656015.625,0.0,6554556875.0,303029003.90625,3824365000.0,3828915000.0,225006015.625,-131456992.1875,0.0,-10739000.244140623,389713984.375,146727001.953125,-212025000.0,-211275996.09375,-211275996.09375,-8123565625.0,0.0820000022649765,9.0,367531796.875,1,2855722061.71875,2855722061.71875,0.9,True,True,True
0,002084,14,4.27,4.27,0.0,0.0,0.0,9:21:34.206,9215701,0,0,0,5.877471754111438e-39,0,0,-17300,159,4.29,4.29,37,37,0.0,0.0,0,173,0.0,0.0,0,0,0.0,0.0,0,0,0.0,0.0,0,0,"(8,)",0,0,0,0,0.0,14,644634492.1875,12,4,20251030,20061124,646056093.75,12330000.0,-45287099.609375,21551810000.0,0.0,0.0,-1000.0000149011612,32782912500.0,20828006250.0,7950836250.0,1229125000.0,31018.0,14875435000.0,1043900000.0,3728715000.0,13924992500.0,20396330000.0,17725501250.0,6126669375.0,-640646015.625,11770999.755859377,1458423125.0,1249778046.875,6852281250.0,-648325976.5625,-697062968.75,-622643007.8125,3502530000.0,2.1549999713897705,9.0,644634492.1875,1,2752589281.6406245,2752589281.6406245,0.9,True,True,True
0,002086,28,2.31,2.31,0.0,0.0,0.0,9:22:25.206,9224201,0,0,0,5.877471754111438e-39,0,0,862300,559,2.3,2.3,243,243,0.0,0.0,8623,0,0.0,0.0,0,0,0.0,0.0,0,0,0.0,0.0,0,0,"(8,)",0,0,0,0,0.0,28,1581286093.75,15,17,20251031,20061128,1958946562.5,10040000.0,-696073906.25,2479113906.25,0.0,0.0,-500.0000074505806,16593181250.0,6250471875.0,8242555000.0,664080000.0,72503.0,1610395937.5,91228994.140625,19941255000.0,13260235000.0,2459684062.5,2451165000.0,796468046.875,-1040585000.0,810000.0,-1073542031.25,-582102968.75,2565857968.75,-1063025937.5,-1063144062.5,-1054030000.0,-26342560000.0,0.6769999861717224,9.0,1581286093.75,1,3652770876.5625,3652770876.5625,1.0,True,True,True
0,002095,9,18.71,18.71,0.0,0.0,0.0,9:22:25.206,9224201,0,0,0,5.877471754111438e-39,0,0,2900,111,18.56,18.56,6,6,0.0,0.0,29,0,0.0,0.0,0,0,0.0,0.0,0,0,0.0,0.0,0,0,"(8,)",0,0,0,0,0.0,9,251708398.4375,28,24,20251031,20061215,252720000.0,18640000.0,-148637597.65625,3777409687.5,0.0,0.0,-99.99999776482582,15773523750.0,12874161250.0,420081015.625,0.0,39875.0,4403798750.0,2194980000.0,3261241875.0,8856592500.0,4105640937.5,3638073125.0,61627001.953125,-75978999.0234375,-20102000.732421875,1163223046.875,866537031.25,264701992.1875,-74851000.9765625,-74921000.9765625,-28076000.9765625,2460731093.75,3.503999948501587,9.0,251708398.4375,1,4709464134.765625,4709464134.765625,0.85,True,True,True
0,002098,13,10.44,10.44,0.0,0.0,0.0,9:22:09.006,9221501,0,0,0,5.877471754111438e-39,0,0,-2500,168,10.48,10.48,16,16,0.0,0.0,0,25,0.0,0.0,0,0,0.0,0.0,0,0,0.0,0.0,0,0,"(8,)",0,0,0,0,0.0,13,357988789.0625,20,41,20260209,20061222,358000000.0,12410000.0,1717323437.5,18667737500.0,0.0,0.0,4699.999988079071,22233015000.0,12478715000.0,6645305000.0,497500000.0,22808.0,7065838125.0,69351000.9765625,3275694062.5,14547018750.0,20384601250.0,13561065000.0,4710369062.5,1896478906.25,3236999.8168945312,1906936875.0,-241217988.28125,3166480000.0,1882760000.0,1668185937.5,1668973125.0,6690278125.0,4.063000202178955,9.0,357988789.0625,1,3737402957.8125,3737402957.8125,0.9,True,True,True
0,002105,17,7.31,7.31,0.0,0.0,0.0,9:22:03.606,9220601,0,0,0,5.877471754111438e-39,0,0,-24400,369,7.37,7.37,50,50,0.0,0.0,0,244,0.0,0.0,0,0,0.0,0.0,0,0,0.0,0.0,0,0,"(8,)",0,0,0,0,0.0,17,364471015.625,18,32,20251224,20070112,366241992.1875,12370000.0,8376500.244140625,8181268125.0,0.0,0.0,-799.9999821186066,16084072500.0,8949081875.0,4591630937.5,1256151953.125,34592.0,5418643125.0,690672031.25,175215996.09375,8420109375.0,8638913125.0,7591421250.0,2687680000.0,-295593984.375,-24593999.0234375,592148007.8125,-6435000.0,1742971093.75,-265158007.8125,-323799003.90625,-301387011.71875,3547465000.0,2.2880001068115234,9.0,364471015.625,1,2664283124.21875,2664283124.21875,0.85,True,True,True
0,002107,10,7.28,7.28,0.0,0.0,0.0,9:21:34.206,9215701,0,0,0,5.877471754111438e-39,0,0,1600,393,7.28,7.28,54,54,0.0,0.0,16,0,0.0,0.0,0,0,0.0,0.0,0,0,0.0,0.0,0,0,"(8,)",0,0,0,0,0.0,10,571393984.375,15,34,20260120,20070124,577209609.375,12270000.0,364033789.0625,7637933750.0,0.0,0.0,1700.0000178813934,9773700000.0,5667708750.0,3253249062.5,343396992.1875,40066.0,2407310000.0,-29182998.046875,0.0,7238184375.0,8169524375.0,2011146093.75,671250937.5,1035980000.0,17630999.755859375,1285255937.5,511616015.625,934624062.5,1023795000.0,887910000.0,957151953.125,846608984.375,1.253999948501587,12.0,571393984.375,1,4159748206.25,4159748206.25,0.8,True,True,True
0,002133,16,3.89,3.89,0.0,0.0,0.0,9:22:19.806,9223301,0,0,0,5.877471754111438e-39,0,0,-5500,1404,3.9,3.9,360,360,0.0,0.0,0,55,0.0,0.0,0,0,0.0,0.0,0,0,0.0,0.0,0,0,"(8,)",0,0,0,0,0.0,16,769870234.375,28,11,20251031,20070427,774144062.5,20700000.0,-1520600781.25,33508780000.0,0.0,0.0,1199.99997317791,75578745000.0,57312440000.0,6962290000.0,85544003.90625,29287.0,32599750000.0,1655450937.5,8446285000.0,29386810000.0,38964985000.0,35345770000.0,978505937.5,1555080000.0,368066992.1875,4486978750.0,-2458725000.0,37246635000.0,1544861093.75,810528984.375,946521953.125,10646460000.0,3.796000003814697,9.0,769870234.375,1,2994795211.71875,2994795211.71875,1.0,True,True,True
0,002141,8,3.88,3.88,0.0,0.0,0.0,9:22:30.606,9225101,0,0,0,5.877471754111438e-39,0,0,-30200,1412,3.88,3.88,364,364,0.0,0.0,0,302,0.0,0.0,0,0,0.0,0.0,0,0,0.0,0.0,0,0,"(8,)",0,0,0,0,0.0,8,1018970937.5,12,43,20251030,20070720,1032935781.25,12380000.0,15973199.462890623,455515781.25,0.0,0.0,399.9999910593033,12444577500.0,8746790625.0,1213158984.375,236379003.90625,40293.0,3157196250.0,489375000.0,1718089062.5,8318043125.0,9310386250.0,8647036250.0,4705787812.5,407798984.375,1658000.030517578,117368007.8125,-511896015.625,716743046.875,407558007.8125,405095000.0,422833007.8125,-3759565000.0,0.8050000071525574,9.0,1018970937.5,1,3953607237.5,3953607237.5,0.8,True,True,True
0,002148,11,8.76,8.76,0.0,0.0,0.0,9:22:30.606,9225101,0,0,0,5.877471754111438e-39,0,0,7200,228,8.76,8.76,26,26,0.0,0.0,72,0,0.0,0.0,0,0,0.0,0.0,0,0,0.0,0.0,0,0,"(8,)",0,0,0,0,0.0,11,449317617.1875,7,24,20260202,20070810,558987304.6875,18650000.0,135613798.828125,2059081875.0,0.0,0.0,-0.0,14127505000.0,6795440000.0,1659753906.25,53046000.9765625,81400.0,1534445937.5,94328994.140625,2073024062.5,12217502500.0,2891155000.0,1852656093.75,565399023.4375,-24178999.0234375,352000.00762939453,-177659003.90625,142968007.8125,36642001.953125,-24241000.9765625,-18635999.75585937,-2753000.1831054688,4091890000.0,2.186000108718872,9.0,449317617.1875,1,3936022326.5625,3936022326.5625,0.95,True,True,True
0,002154,9,4.1,4.1,0.0,0.0,0.0,9:21:23.406,9213901,0,0,0,5.877471754111438e-39,0,0,-254800,1443,4.1,4.1,352,352,0.0,0.0,0,2548,0.0,0.0,0,0,0.0,0.0,0,0,0.0,0.0,0,0,"(8,)",0,0,0,0,0.0,9,1179772578.125,28,41,20251028,20070816,1459333750.0,12180000.0,4152670312.5,35357855000.0,0.0,0.0,1599.9999642372131,69213710000.0,41766112500.0,8176280000.0,5177135937.5,75366.0,21599640000.0,1234019062.5,7707882500.0,45332330000.0,34795345000.0,11980077500.0,6496550000.0,3326992187.5,138499003.90625,959136015.625,-231845000.0,14097148750.0,3213111875.0,2442110000.0,2359655000.0,19244175000.0,3.1059999465942383,9.0,1179772578.125,1,4837067570.3125,4837067570.3125,0.95,True,True,True
0,002159,8,16.7,16.7,0.0,0.0,0.0,9:21:12.606,9212101,0,0,0,5.877471754111438e-39,0,0,300,251,16.73,16.73,15,15,0.0,0.0,3,0,0.0,0.0,0,0,0.0,0.0,0,0,0.0,0.0,0,0,"(8,)",0,0,0,0,0.0,8,138472597.65625,19,10,20251029,20070817,177301308.59375,23780000.0,1554339531.25,5534315000.0,0.0,0.0,7799.999713897705,18770767500.0,4760903750.0,8106650625.0,1213991015.625,13898.0,2077310000.0,527100976.5625,8374350000.0,14624231250.0,5032084062.5,1946759062.5,65373999.0234375,1942445000.0,-5266999.51171875,1930192968.75,-614858984.375,83396992.1875,1927010000.0,1455320000.0,1382250937.5,3533055937.5,8.248000144958496,9.0,138472597.65625,1,2312492380.859375,2312492380.859375,0.85,True,True,True
0,002162,17,5.43,5.43,0.0,0.0,0.0,9:22:25.206,9224201,0,0,0,5.877471754111438e-39,0,0,8100,1969,5.44,5.44,362,362,0.0,0.0,81,0,0.0,0.0,0,0,0.0,0.0,0,0,0.0,0.0,0,0,"(8,)",0,0,0,0,0.0,17,918494062.5,16,40,20260203,20070823,919700937.5,12300000.0,-330728515.625,8888978125.0,0.0,0.0,0.0,20057995000.0,6703074375.0,2676476875.0,178763007.8125,53987.0,7233031875.0,149343007.8125,381496015.625,8213636250.0,7713081875.0,6028948125.0,1316217968.75,37358999.0234375,61434003.90625,320967988.28125,444674023.4375,1354442968.75,49468999.0234375,19366000.9765625,30842998.046875,-2035786875.0,0.8930000066757202,9.0,918494062.5,1,4987422759.375,4987422759.375,0.9,True,True,True
0,002172,15,4.44,4.44,0.0,0.0,0.0,9:22:09.006,9221501,0,0,0,5.877471754111438e-39,0,0,507700,1308,4.42,4.42,296,296,0.0,0.0,5077,0,0.0,0.0,0,0,0.0,0.0,0,0,0.0,0.0,0,0,"(8,)",0,0,0,0,0.0,15,765272031.25,26,9,20260123,20070921,765732265.625,26840000.0,386780703.125,15013922500.0,0.0,0.0,500.0000074505806,19288417500.0,10555126250.0,7666763125.0,611656992.1875,50324.0,16345476250.0,-196554003.90625,12641063750.0,1746360937.5,13603981250.0,11662452500.0,3202425000.0,561996015.625,19927000.732421875,-286554003.90625,-429585976.5625,1335976875.0,605868007.8125,407151992.1875,401136015.625,-18924087500.0,0.2280000001192093,9.0,765272031.25,1,3397807818.7500005,3397807818.7500005,0.8,True,True,True
0,002178,27,6.57,6.57,0.0,0.0,0.0,9:22:09.006,9221501,0,0,0,5.877471754111438e-39,0,0,-109300,865,6.6,6.6,131,131,0.0,0.0,0,1093,0.0,0.0,0,0,0.0,0.0,0,0,0.0,0.0,0,0,"(8,)",0,0,0,0,0.0,27,711783125.0,16,21,20251030,20071101,712152968.75,18650000.0,-87629804.6875,4040772500.0,0.0,0.0,99.99999776482582,13703490000.0,8709560000.0,810250937.5,557243984.375,104328.0,7460821875.0,1120950937.5,2326732031.25,4360728750.0,3040184062.5,2340035000.0,2799805000.0,82769003.90625,217409003.90625,-336488984.375,-219850996.09375,435902968.75,83124003.90625,67021000.9765625,71945000.0,-5383578125.0,0.6119999885559082,9.0,711783125.0,1,4676415131.25,4676415131.25,0.95,True,True,True
0,002186,11,12.35,12.35,0.0,0.0,0.0,9:22:19.806,9223301,0,0,0,5.877471754111438e-39,0,0,3500,2717,12.35,12.35,220,220,0.0,0.0,35,0,0.0,0.0,0,0,0.0,0.0,0,0,0.0,0.0,0,0,"(8,)",0,0,0,0,0.0,11,306511308.59375,7,10,20251022,20071120,306921601.5625,17620000.0,704516093.75,10843742500.0,0.0,0.0,900.0000357627869,15380640000.0,3581335000.0,2671909062.5,816750000.0,37011.0,4645045000.0,344887968.75,5344105000.0,8649863125.0,9583465625.0,7878427500.0,696725000.0,276855000.0,128855000.0,968637968.75,-13816000.9765625,891237031.25,279753007.8125,273282011.71875,261738984.375,-1322397031.25,2.818000078201294,9.0,306511308.59375,1,3785414661.1328125,3785414661.1328125,0.85,True,True,True
0,002198,12,7.05,7.05,0.0,0.0,0.0,9:22:30.606,9225101,0,0,0,5.877471754111438e-39,0,0,-34600,3266,7.1,7.1,460,460,0.0,0.0,0,346,0.0,0.0,0,0,0.0,0.0,0,0,0.0,0.0,0,0,"(8,)",0,0,0,0,0.0,12,507480703.125,12,34,20260126,20071218,507509804.6875,12270000.0,28733500.9765625,2596046250.0,0.0,0.0,399.9999910593033,7747263125.0,4661081875.0,1700792968.75,466964023.4375,25561.0,307640996.09375,0.0,1236528984.375,7090082500.0,2934361875.0,1279007031.25,1356967031.25,256404003.90625,-1170999.984741211,-712271015.625,-2058013125.0,853905937.5,257410000.0,217941992.1875,217941992.1875,1210848046.875,1.3969999551773071,9.0,507480703.125,1,3577738957.03125,3577738957.03125,0.8,True,True,True
0,002205,13,14.81,14.81,0.0,0.0,0.0,9:22:19.806,9223301,0,0,0,5.877471754111438e-39,0,0,700,238,14.87,14.87,16,16,0.0,0.0,7,0,0.0,0.0,0,0,0.0,0.0,0,0,0.0,0.0,0,0,"(8,)",0,0,0,0,0.0,13,185843203.125,2,21,20260204,20080123,185843203.125,12300000.0,-307800195.3125,3800831250.0,0.0,0.0,-1199.99997317791,40075952500.0,11631490000.0,4024818125.0,1620245937.5,17877.0,24601815000.0,1266851953.125,4564940000.0,3598373125.0,4436634062.5,2996908125.0,6352288125.0,-231915000.0,0.0,-719218984.375,-650696015.625,1638870000.0,-269256015.625,-265009003.90625,-219296992.1875,-4327190937.5,1.9359999895095823,9.0,185843203.125,1,2752337838.28125,2752337838.28125,1.0,True,True,True
0,002211,14,3.67,3.67,0.0,0.0,0.0,9:22:25.206,9224201,0,0,0,5.877471754111438e-39,0,0,9000,240,3.63,3.63,66,66,0.0,0.0,90,0,0.0,0.0,0,0,0.0,0.0,0,0,0.0,0.0,0,0,"(8,)",0,0,0,0,0.0,14,432475781.25,16,19,20251029,20080201,432475781.25,12260000.0,-180559707.03125,2222514843.75,0.0,0.0,-199.99999552965164,3797659062.5,2865645000.0,443543007.8125,212166992.1875,26340.0,3153444062.5,0.0,10273513125.0,135678007.8125,3275056875.0,3002186875.0,266584003.90625,-28521999.51171875,255000.0,186943007.8125,249162988.28125,387193007.8125,-105920996.09375,-106537001.953125,-106537001.953125,-14751537500.0,0.0309999994933605,9.0,432475781.25,1,1587186117.1875,1587186117.1875,1.0,True,True,True
0,002224,22,4.7,4.7,0.0,0.0,0.0,9:22:25.206,9224201,0,0,0,5.877471754111438e-39,0,0,-70500,749,4.71,4.71,159,159,0.0,0.0,0,705,0.0,0.0,0,0,0.0,0.0,0,0,0.0,0.0,0,0,"(8,)",0,0,0,0,0.0,22,806380390.625,28,19,20260205,20080425,902116328.125,12290000.0,509791406.25,5867110000.0,0.0,0.0,399.9999910593033,42016405000.0,20693481250.0,8704384375.0,2444276875.0,47550.0,6870286250.0,12860000.0,10232468125.0,32412750000.0,7143036875.0,5595485000.0,1186207031.25,406380000.0,-17080999.755859375,-632928984.375,1216142031.25,4286764062.5,394321015.625,281974003.90625,276511015.625,11786132500.0,3.5929999351501465,9.0,806380390.625,1,3789987835.9375,3789987835.9375,1.0,True,True,True
0,002234,10,9.38,9.38,0.0,0.0,0.0,9:21:01.806,9210301,0,0,0,5.877471754111438e-39,0,0,1700,366,9.38,9.38,39,39,0.0,0.0,17,0,0.0,0.0,0,0,0.0,0.0,0,0,0.0,0.0,0,0,"(8,)",0,0,0,0,0.0,10,301408593.75,15,17,20251025,20080516,348960195.3125,10030000.0,-2172270937.5,15762081250.0,0.0,0.0,-6600.000262260437,37045462500.0,12490460000.0,17385497500.0,1055988984.375,30439.0,16288081250.0,-198282988.28125,13817942500.0,18079412500.0,15443418750.0,14898517500.0,732016015.625,-2345138125.0,-190300996.09375,981182031.25,384245000.0,5718781875.0,-2336115000.0,-2336560000.0,-2303500937.5,-1834767031.25,5.181000232696533,9.0,301408593.75,1,2827212609.375,2827212609.375,1.0,True,True,True
0,002247,19,3.02,3.02,0.0,0.0,0.0,9:22:14.406,9222401,0,0,0,5.877471754111438e-39,0,0,-34900,2607,3.0,3.0,869,869,0.0,0.0,0,349,0.0,0.0,0,0,0.0,0.0,0,0,0.0,0.0,0,0,"(8,)",0,0,0,0,0.0,19,643540703.125,28,38,20251028,20080612,850870078.125,12220000.0,2205310312.5,6284179375.0,0.0,0.0,500.0000074505806,9505203125.0,5718082500.0,2498370000.0,671665000.0,25737.0,2624461875.0,37311999.51171875,30241745000.0,6654380000.0,5879120000.0,4561712187.5,1964592968.75,461506992.1875,12315000.0,17533000.48828125,-1065421015.625,901561015.625,453808984.375,409835000.0,421656992.1875,-32669320000.0,0.7820000052452087,9.0,643540703.125,1,1943492923.4375,1943492923.4375,0.95,True,True,True
0,002269,23,1.91,1.91,0.0,0.0,0.0,9:22:30.606,9225101,0,0,0,5.877471754111438e-39,0,0,-154300,1268,1.91,1.91,664,664,0.0,0.0,0,1543,0.0,0.0,0,0,0.0,0.0,0,0,0.0,0.0,0,0,"(8,)",0,0,0,0,0.0,23,2512500000.0,16,41,20251031,20080828,2512500000.0,12180000.0,518205781.25,5250704375.0,0.0,0.0,-299.99999329447746,18605501250.0,6733146875.0,1353425000.0,34917998.046875,105852.0,14089897500.0,0.0,1799071093.75,1879722031.25,3291634062.5,1946128906.25,894682968.75,-677727031.25,0.0,-1533363906.25,-288112011.71875,2980051875.0,-689843984.375,-689843984.375,-689843984.375,-32789875000.0,0.0750000029802322,9.0,2512500000.0,1,4798875000.0,4798875000.0,0.9,True,True,True
0,002282,12,7.85,7.85,0.0,0.0,0.0,9:22:14.406,9222401,0,0,0,5.877471754111438e-39,0,0,600,731,7.86,7.86,93,93,0.0,0.0,6,0,0.0,0.0,0,0,0.0,0.0,0,0,0.0,0.0,0,0,"(8,)",0,0,0,0,0.0,12,505007695.3125,11,26,20260203,20090821,526838398.4375,12300000.0,1647512343.75,12476738750.0,0.0,0.0,3000.0001192092896,40022587500.0,21088505000.0,5371953125.0,1146041015.625,23347.0,3230940000.0,0.0,20456576250.0,36196080000.0,12737847500.0,9267061250.0,5058650000.0,1828413125.0,22320000.0,686007968.75,-400941992.1875,4737015000.0,1814948125.0,1556373125.0,1556373125.0,9199325000.0,6.869999885559082,9.0,505007695.3125,1,3964310408.203125,3964310408.203125,1.0,True,True,True
0,002286,22,10.53,10.53,0.0,0.0,0.0,9:22:19.806,9223301,0,0,0,5.877471754111438e-39,0,0,2000,1706,10.53,10.53,162,162,0.0,0.0,20,0,0.0,0.0,0,0,0.0,0.0,0,0,0.0,0.0,0,0,"(8,)",0,0,0,0,0.0,22,369552109.375,15,14,20260203,20090828,380567382.8125,12130000.0,1010718671.875,18334452500.0,0.0,0.0,3600.0001430511475,27345675000.0,8786853125.0,12924977500.0,1149273046.875,32739.0,4813248125.0,0.0,8591857500.0,22021542500.0,21263655000.0,18436065000.0,2807497187.5,1598820937.5,23611999.51171875,1580463906.25,-93640000.0,2500170000.0,1598320937.5,1340015000.0,1340015000.0,8157706250.0,5.793000221252441,9.0,369552109.375,1,3891383711.71875,3891383711.71875,0.75,True,True,True
0,002303,11,4.2,4.2,0.0,0.0,0.0,9:22:14.406,9222401,0,0,0,5.877471754111438e-39,0,0,-3600,829,4.21,4.21,197,197,0.0,0.0,0,36,0.0,0.0,0,0,0.0,0.0,0,0,0.0,0.0,0,0,"(8,)",0,0,0,0,0.0,11,966937031.25,18,38,20251028,20091103,1531323750.0,12220000.0,2187366875.0,29436322500.0,0.0,0.0,1700.0000178813934,73153010000.0,34808977500.0,14996706250.0,2755070000.0,55554.0,24054630000.0,603195000.0,12425375000.0,45232910000.0,30002295000.0,21840565000.0,11826231250.0,3119671250.0,3136000.061035156,2222238125.0,1268087031.25,3634523750.0,3137406875.0,2622908125.0,2601340937.5,7781490000.0,2.9539999961853027,9.0,966937031.25,1,4061135531.25,4061135531.25,1.0,True,True,True
0,002305,7,2.18,2.18,0.0,0.0,0.0,9:21:23.406,9213901,0,0,0,5.877471754111438e-39,0,0,-194000,706,2.18,2.18,324,324,0.0,0.0,0,1940,0.0,0.0,0,0,0.0,0.0,0,0,0.0,0.0,0,0,"(8,)",0,0,0,0,0.0,7,1734103281.25,19,11,20251030,20091106,1734215781.25,20700000.0,-2345941875.0,18572267500.0,0.0,0.0,-7599.999904632568,197225100000.0,124299740000.0,4371359062.5,17660000.0,43284.0,180959480000.0,10787047500.0,12977488750.0,-30632080000.0,10138503125.0,13719445000.0,2106414062.5,-13974506250.0,-1340598125.0,2027675937.5,-859045000.0,91731890000.0,-13932617500.0,-14146832500.0,-13100592500.0,-63603045000.0,-1.7660000324249268,9.0,1734103281.25,1,3780345153.1250005,3780345153.1250005,1.0,True,True,True
0,002306,18,2.22,2.22,0.0,0.0,0.0,9:22:09.006,9221501,0,0,0,5.877471754111438e-39,0,0,-98100,2130,2.23,2.23,955,955,0.0,0.0,0,981,0.0,0.0,0,0,0.0,0.0,0,0,0.0,0.0,0,0,"(8,)",0,0,0,0,0.0,18,813919375.0,7,10,20251025,20091111,869762500.0,17620000.0,-385825703.125,1114225468.75,0.0,0.0,-199.99999552965164,7592359375.0,1262767968.75,1073508984.375,362487031.25,38362.0,5796645000.0,1057480937.5,4792819062.5,-381256015.625,2005509062.5,1849090937.5,475562031.25,-294490996.09375,88999.99618530273,-416887968.75,-62387001.953125,47601997.0703125,-278095000.0,-278528007.8125,-201567011.71875,-13172287500.0,-0.0439999997615814,9.0,813919375.0,1,1806901012.5000002,1806901012.5000002,1.0,True,True,True
0,002313,6,10.02,10.02,0.0,0.0,0.0,9:21:12.606,9212101,0,0,0,5.877471754111438e-39,0,0,-43700,741,10.02,10.02,74,74,0.0,0.0,0,437,0.0,0.0,0,0,0.0,0.0,0,0,0.0,0.0,0,0,"(8,)",0,0,0,0,0.0,6,374373710.9375,18,24,20251027,20091203,374400000.0,12390000.0,-794212734.375,23127920000.0,0.0,0.0,-1500.0000596046448,30258377500.0,19580220000.0,1349861093.75,2287731093.75,55598.0,24569115000.0,-48326997.0703125,20577340000.0,133793994.140625,20069861250.0,16693687500.0,7651603125.0,-274106015.625,-15765000.0,1795392031.25,-13236999.51171875,3164871250.0,-506373007.8125,-547105000.0,-547950976.5625,-23054122500.0,0.0359999984502792,9.0,374373710.9375,1,3751224583.59375,3751224583.59375,1.0,True,True,True
0,002322,34,13.72,13.72,0.0,0.0,0.0,9:22:25.206,9224201,0,0,0,5.877471754111438e-39,0,0,11400,6831,13.5,13.5,506,506,0.0,0.0,114,0,0.0,0.0,0,0,0.0,0.0,0,0,0.0,0.0,0,0,"(8,)",0,0,0,0,0.0,34,351399687.5,28,24,20260113,20091218,365528007.8125,18650000.0,1865728125.0,6113166875.0,0.0,0.0,3899.999856948853,30875985000.0,11324927500.0,2881755000.0,138585000.0,26135.0,3051546250.0,-1986000.061035156,16794805000.0,27769980000.0,6149832500.0,1932481093.75,4683585937.5,1457542968.75,68060996.09375,2316245000.0,-1082065000.0,1775706093.75,1462979062.5,1376380000.0,1376380937.5,8486963125.0,7.323999881744385,9.0,351399687.5,1,4821203712.5,4821203712.5,1.0,True,True,True
0,002323,53,1.96,1.96,0.0,0.0,0.0,9:22:25.206,9224201,0,0,0,5.877471754111438e-39,0,0,-7672900,197173,2.16,2.16,91284,91284,0.0,0.0,0,76729,0.0,0.0,0,0,0.0,0.0,0,0,0.0,0.0,0,0,"(8,)",0,0,0,0,0.0,53,2120381875.0,15,21,20251121,20091218,2120855156.25,14500000.0,-639876484.375,1884709375.0,0.0,0.0,-299.99999329447746,9601692500.0,7807221250.0,351918007.8125,13677000.732421877,62841.0,6077907500.0,-4652999.877929688,2899595000.0,3496671875.0,2101275000.0,1843568906.25,2199225000.0,-550385000.0,-40655000.0,-54178002.9296875,-122304003.90625,67647998.046875,-608989023.4375,-604778984.375,-603140000.0,-14885585000.0,0.1650000065565109,9.0,2120381875.0,1,4155948475.0,4155948475.0,0.85,True,True,True
0,002327,10,7.1,7.1,0.0,0.0,0.0,9:21:18.006,9213001,0,0,0,5.877471754111438e-39,0,0,2100,141,7.07,7.07,20,20,0.0,0.0,21,0,0.0,0.0,0,0,0.0,0.0,0,0,0.0,0.0,0,0,"(8,)",0,0,0,0,0.0,10,490947695.3125,18,15,20260106,20091230,838245468.75,12170000.0,2931913750.0,18869960000.0,0.0,0.0,1899.999976158142,45640260000.0,22941755000.0,11200365000.0,905067968.75,32301.0,9452618125.0,0.0,1183942968.75,34737845000.0,16265936250.0,7559300000.0,2415365937.5,2154272031.25,74445000.0,4011646250.0,-1721265000.0,8319532500.0,2165443906.25,1597237968.75,1597237968.75,22990840000.0,4.144000053405762,9.0,490947695.3125,1,3485728636.71875,3485728636.71875,1.0,True,True,True
0,002329,20,3.94,3.94,0.0,0.0,0.0,9:22:19.806,9223301,0,0,0,5.877471754111438e-39,0,0,-37300,1178,3.94,3.94,299,299,0.0,0.0,0,373,0.0,0.0,0,0,0.0,0.0,0,0,0.0,0.0,0,0,"(8,)",0,0,0,0,0.0,20,650388906.25,10,14,20251029,20100106,832403984.375,12140000.0,-146555000.0,15099575000.0,0.0,0.0,-599.9999865889549,46366510000.0,18356817500.0,13152126250.0,1276985000.0,64519.0,23302140000.0,1147205000.0,11696261250.0,8850436250.0,13141726250.0,10009496250.0,4051030000.0,-420287031.25,3502999.8779296875,-262300000.0,-1343265937.5,3148844062.5,-437939023.4375,-530371015.625,-492447031.25,-11006572500.0,1.0740000009536743,9.0,650388906.25,1,2562532290.625,2562532290.625,0.8,True,True,True
0,002330,22,5.36,5.36,0.0,0.0,0.0,9:22:19.806,9223301,0,0,0,5.877471754111438e-39,0,0,900,1676,5.32,5.32,315,315,0.0,0.0,9,0,0.0,0.0,0,0,0.0,0.0,0,0,0.0,0.0,0,0,"(8,)",0,0,0,0,0.0,22,635178710.9375,15,14,20260203,20100106,635315312.5,12130000.0,66301098.6328125,20817201250.0,0.0,0.0,99.99999776482582,35341155000.0,17627398750.0,12163981250.0,1860572031.25,36746.0,11116772500.0,-82515000.0,13282326250.0,22907940000.0,23928870000.0,21930935000.0,2244475937.5,81546000.9765625,-1383999.9389648438,-311907011.71875,-1488674062.5,4331795000.0,71993999.0234375,96828007.8125,54037998.046875,3191553750.0,3.6059999465942383,9.0,635178710.9375,1,3404557890.625,3404557890.625,0.9,True,True,True
0,002333,8,6.34,6.34,0.0,0.0,0.0,9:22:25.206,9224201,0,0,0,5.877471754111438e-39,0,0,192400,484,6.37,6.37,76,76,0.0,0.0,1924,0,0.0,0.0,0,0,0.0,0.0,0,0,0.0,0.0,0,0,"(8,)",0,0,0,0,0.0,8,652563085.9375,26,36,20260203,20100112,674924765.625,12320000.0,447731406.25,12029747500.0,0.0,0.0,700.0000029802322,31904670000.0,20020737500.0,6503138125.0,862576953.125,18464.0,11414907500.0,268229003.90625,7673288125.0,19139587500.0,11807897500.0,10189363125.0,7256838125.0,523678984.375,14499000.244140623,-993591015.625,-1094361015.625,3460153125.0,515143984.375,449745000.0,439922031.25,3663490000.0,2.8359999656677246,9.0,652563085.9375,1,4137249964.84375,4137249964.84375,1.0,True,True,True
0,002337,19,6.82,6.82,0.0,0.0,0.0,9:22:25.206,9224201,0,0,0,5.877471754111438e-39,0,0,-3500,451,6.83,6.83,66,66,0.0,0.0,0,35,0.0,0.0,0,0,0.0,0.0,0,0,0.0,0.0,0,0,"(8,)",0,0,0,0,0.0,19,587996484.375,9,26,20251029,20100115,588615703.125,12350000.0,461728085.9375,6072958750.0,0.0,0.0,799.9999821186066,20630722500.0,18129897500.0,1591634062.5,253265000.0,50639.0,6650363125.0,698881953.125,4376376250.0,13168250000.0,4945171250.0,3384251875.0,3568326875.0,604999023.4375,11655000.0,-754875937.5,114387001.953125,5462816250.0,605087031.25,496387031.25,496847031.25,2094032968.75,2.236999988555908,9.0,587996484.375,1,4010136023.4375,4010136023.4375,0.95,True,True,True
0,002343,50,8.0,8.0,0.0,0.0,0.0,9:22:25.206,9224201,0,0,0,5.877471754111438e-39,0,0,25500,19890,7.94,7.94,2505,2505,0.0,0.0,255,0,0.0,0.0,0,0,0.0,0.0,0,0,0.0,0.0,0,0,"(8,)",0,0,0,0,0.0,50,473680312.5,22,18,20260202,20100126,473680312.5,27870000.0,114089199.21875,525651484.375,0.0,0.0,-599.9999865889549,17644931250.0,14561873750.0,7104000.244140625,1328000.030517578,42356.0,6329713125.0,-77077001.953125,8520811250.0,9623592500.0,1925780000.0,1785720000.0,3873173750.0,-364471992.1875,4638000.183105469,-1085145000.0,-561465000.0,8079005000.0,-309662011.71875,-275624003.90625,-274062988.28125,-5266145000.0,2.026000022888184,9.0,473680312.5,1,3789442500.0,3789442500.0,0.75,True,True,True
0,002360,9,5.38,5.38,0.0,0.0,0.0,9:22:19.806,9223301,0,0,0,5.877471754111438e-39,0,0,-15000,710,5.42,5.42,131,131,0.0,0.0,0,150,0.0,0.0,0,0,0.0,0.0,0,0,0.0,0.0,0,0,"(8,)",0,0,0,0,0.0,9,327522207.03125,17,19,20260203,20100303,401774296.875,12260000.0,393066406.25,4165843125.0,0.0,0.0,-199.99999552965164,45671755000.0,6386417500.0,3793057812.5,1933236875.0,20342.0,16552311250.0,-75416997.0703125,928595000.0,19993692500.0,3310800000.0,2089510000.0,1241501953.125,-93849003.90625,54435000.0,514921015.625,-1071778046.875,369923984.375,-68821997.0703125,-163657998.046875,-99369003.90625,12540022500.0,4.97599983215332,9.0,327522207.03125,1,1762069473.828125,1762069473.828125,0.85,True,True,True
0,002365,9,15.03,15.03,0.0,0.0,0.0,9:21:12.606,9212101,0,0,0,5.877471754111438e-39,0,0,-100,45,15.09,15.09,3,3,0.0,0.0,0,1,0.0,0.0,0,0,0.0,0.0,0,0,0.0,0.0,0,0,"(8,)",0,0,0,0,0.0,9,245560097.65625,19,34,20260209,20100305,294682500.0,12270000.0,618552382.8125,6187156875.0,0.0,0.0,900.0000357627869,22624310000.0,11676477500.0,8982750625.0,777280000.0,49230.0,2324320000.0,387990000.0,7145047500.0,19764320000.0,5771486250.0,4787528125.0,1244988984.375,182375000.0,253224003.90625,986648046.875,-874205000.0,784138984.375,180204003.90625,163420996.09375,254962011.71875,8338105000.0,6.706999778747559,9.0,245560097.65625,1,3690768267.7734375,3690768267.7734375,0.8,True,True,True
0,002374,28,3.69,3.69,0.0,0.0,0.0,9:22:14.406,9222401,0,0,0,5.877471754111438e-39,0,0,-174200,3110,3.72,3.72,836,836,0.0,0.0,0,1742,0.0,0.0,0,0,0.0,0.0,0,0,0.0,0.0,0,0,"(8,)",0,0,0,0,0.0,28,1085209296.875,15,46,20260202,20100318,1085209296.875,12330000.0,-826682812.5,4593080000.0,0.0,0.0,-900.0000357627869,32026445000.0,20976595000.0,4370548125.0,533306015.625,57592.0,18105486250.0,-599121015.625,20629687500.0,8426452500.0,4030928750.0,3512970000.0,16116697500.0,-985842968.75,-20746999.51171875,250378007.8125,-312195000.0,1317757031.25,-1004275000.0,-976420000.0,-944370000.0,-23210335000.0,0.7760000228881836,9.0,1085209296.875,1,4004422305.46875,4004422305.46875,0.75,True,True,True
0,002381,14,7.13,7.13,0.0,0.0,0.0,9:22:19.806,9223301,0,0,0,5.877471754111438e-39,0,0,-3500,1027,7.18,7.18,143,143,0.0,0.0,0,35,0.0,0.0,0,0,0.0,0.0,0,0,0.0,0.0,0,0,"(8,)",0,0,0,0,0.0,14,320396601.5625,28,19,20260105,20100402,411577812.5,12290000.0,1396161562.5,19342431250.0,0.0,0.0,1299.9999523162842,37925170000.0,22043852500.0,10217793125.0,1991859062.5,23357.0,9428356250.0,92707998.046875,5680476250.0,21457672500.0,19613751250.0,16557970000.0,8627585000.0,719118046.875,-23156000.9765625,1737942968.75,953917031.25,5057137812.5,714958984.375,510958007.8125,536641992.1875,9388402500.0,5.1570000648498535,9.0,320396601.5625,1,2284427769.140625,2284427769.140625,1.0,True,True,True
0,002391,14,6.45,6.45,0.0,0.0,0.0,9:22:19.806,9223301,0,0,0,5.877471754111438e-39,0,0,3800,155,6.46,6.46,24,24,0.0,0.0,38,0,0.0,0.0,0,0,0.0,0.0,0,0,0.0,0.0,0,0,"(8,)",0,0,0,0,0.0,14,464120781.25,26,28,20260204,20100416,649592500.0,12260000.0,438434804.6875,26664910000.0,0.0,0.0,799.9999821186066,92687350000.0,35158895000.0,46084105000.0,2743230000.0,25494.0,36516245000.0,0.0,21402327500.0,42626750000.0,29684955000.0,25786467500.0,9749411875.0,573656992.1875,103305000.0,5697507500.0,556068007.8125,13137117500.0,446641992.1875,522933007.8125,522933007.8125,13385743750.0,6.561999797821045,9.0,464120781.25,1,2993579039.0625,2993579039.0625,1.0,True,True,True
0,002403,3,12.35,12.35,0.0,0.0,0.0,9:22:14.406,9222401,0,0,0,5.877471754111438e-39,0,0,300,161,12.35,12.35,13,13,0.0,0.0,3,0,0.0,0.0,0,0,0.0,0.0,0,0,0.0,0.0,0,0,"(8,)",0,0,0,0,0.0,3,297161406.25,28,23,20251031,20100511,340638593.75,12330000.0,16605600.5859375,21138460000.0,0.0,0.0,-1700.0000178813934,47538930000.0,20834618750.0,13504150000.0,2917384062.5,47929.0,26028205000.0,-291515000.0,10199809375.0,16020998750.0,19538437500.0,13438431250.0,6956053125.0,-683013984.375,328596015.625,-341081015.625,-489024023.4375,8140665000.0,-700045000.0,-626335976.5625,-589855000.0,1272862968.75,4.703000068664551,9.0,297161406.25,1,3669943367.1875,3669943367.1875,1.0,True,True,True
