market,code,active1,price,last_close,open,high,low,servertime,reversed_bytes0,reversed_bytes1,vol,cur_vol,amount,s_vol,b_vol,reversed_bytes2,reversed_bytes3,bid1,ask1,bid_vol1,ask_vol1,bid2,ask2,bid_vol2,ask_vol2,bid3,ask3,bid_vol3,ask_vol3,bid4,ask4,bid_vol4,ask_vol4,bid5,ask5,bid_vol5,ask_vol5,reversed_bytes4,reversed_bytes5,reversed_bytes6,reversed_bytes7,reversed_bytes8,reversed_bytes9,active2,liutongguben,province,industry,updated_date,ipo_date,zongguben,guojiagu,faqirenfarengu,farengu,bgu,hgu,zhigonggu,zongzichan,liudongzichan,gudingzichan,wuxingzichan,gudongrenshu,liudongfuzhai,changqifuzhai,zibengongjijin,jingzichan,zhuyingshouru,zhuyinglirun,yingshouzhangkuan,yingyelirun,touzishouyu,jingyingxianjinliu,zongxianjinliu,cunhuo,lirunzonghe,shuihoulirun,jinglirun,weifenpeilirun,meigujingzichan,baoliu2,流通盘,circulating,turnover_low_ratio,turnover_low_ok
0,4,195,9.28,9.77,9.28,9.28,9.28,11:29:54.438,11299073,-928,2687,10,2493536.0,172,2515,0,3183,0.0,9.28,0,176757,0.0,9.29,0,259,0.0,9.3,0,122,0.0,9.31,0,1,0.0,9.32,0,1,"(52,)",0,0,0,0,0.0,195,126287802.734375,18,24,20260204,19901201,132380302.734375,18650000.0,-358267500.0,758943828.125,0.0,0.0,-2000.0000298023224,2605456093.75,1487138906.25,104964003.90625,251696992.1875,15236.0,1705986875.0,72962998.046875,12321915000.0,369476992.1875,510224023.4375,155399003.90625,462230000.0,-242540000.0,602781015.625,-123660996.09375,-173942011.71875,39596999.51171875,-342360000.0,-343110000.0,-270908007.8125,-13410381250.0,0.2790000140666961,9.0,1171950809.375,1171950809.375,0.75,True
0,7,1361,12.25,11.82,11.87,12.45,11.75,11:29:52.656,11298776,-1225,96858,1,116969872.0,45995,50864,0,19740,12.24,12.25,135,548,12.23,12.26,10,271,12.22,12.27,59,8,12.21,12.28,300,193,12.19,12.29,14,21,"(3700,)",0,0,0,0,0.25,1361,346448007.8125,18,10,20251031,19920413,346448007.8125,20700000.0,31760900.87890625,1542256875.0,0.0,0.0,99.99999776482582,3705430937.5,2598828906.25,435443007.8125,945999.9847412108,12551.0,1599967031.25,144065000.0,1570240937.5,1826725937.5,2998466875.0,2659123125.0,550212031.25,28079001.46484375,1138000.030517578,2837065937.5,-257132011.71875,549862968.75,35642998.046875,24640000.0,34179001.46484375,-3279330937.5,0.5270000100135803,9.0,4243988095.703125,4243988095.703125,1.0,True
0,10,1425,3.64,3.55,3.54,3.84,3.5,11:29:57.822,11299637,-364,346702,16,126221576.0,125888,220814,0,9006,3.64,3.65,3342,2235,3.63,3.66,1454,3918,3.62,3.67,1766,3161,3.61,3.68,741,2971,3.6,3.69,1979,600,"(53,)",0,0,0,0,-0.26,1425,848033437.5,18,21,20251216,19951027,1149652265.625,14480000.0,-594307617.1875,3538041250.0,0.0,0.0,-299.99999329447746,27194105000.0,21016562500.0,54823999.0234375,17625999.755859375,34767.0,23266005000.0,447741015.625,21103560000.0,3264786875.0,4246812812.5,3909369062.5,15298285000.0,-222531015.625,-7787999.877929687,-411815000.0,-549964023.4375,1034025000.0,-271158007.8125,-305187011.71875,-319038984.375,-28424925000.0,0.2840000092983246,9.0,3086841712.5,3086841712.5,0.85,True
0,11,1140,9.21,9.06,9.13,9.31,9.09,11:29:54.480,11299080,-921,56580,30,52120212.0,26454,30127,0,7459,9.2,9.21,554,140,9.19,9.22,119,266,9.18,9.23,322,100,9.17,9.24,599,55,9.16,9.25,180,438,"(4916,)",0,0,0,0,-0.1,1140,526475507.8125,18,11,20251030,19920330,595979101.5625,20700000.0,35810200.1953125,13178067500.0,67605200.1953125,0.0,500.0000074505806,153041960000.0,142511010000.0,427474023.4375,3370000.0,37276.0,46318395000.0,-1376573125.0,804880000.0,33937560000.0,17157720000.0,12862247500.0,6030171875.0,360598007.8125,7345000.0,-23751710000.0,3675944062.5,108231440000.0,480114023.4375,260592988.28125,322211015.625,25949710000.0,5.693999767303467,9.0,4848839426.953125,4848839426.953125,1.0,True
0,14,675,14.53,13.21,14.53,14.53,14.53,11:29:51.288,11298548,-1453,48744,1,70825384.0,40927,7817,0,227180,14.53,0.0,66445,0,14.52,0.0,311,0,14.51,0.0,247,0,14.5,0.0,1063,0,14.49,0.0,27,0,"(1589,)",0,0,0,0,0.0,675,242046191.40625,18,11,20251031,19920602,242046191.40625,20700000.0,468801601.5625,3251224687.5,0.0,0.0,-1299.9999523162842,23184745000.0,19459697500.0,176026992.1875,0.0,26220.0,6582171875.0,515870000.0,99692001.953125,15913248750.0,208587988.28125,163787001.953125,55407001.953125,-406851992.1875,0.0,575149023.4375,539035000.0,13983501250.0,-407065000.0,-324804003.90625,-322223007.8125,10506477500.0,6.574999809265137,9.0,3516931161.1328125,3516931161.1328125,0.85,True
0,19,1410,7.15,7.12,7.18,7.2,7.13,11:29:55.716,11299286,-715,60801,1,43583148.0,31348,29454,0,6828,7.14,7.15,159,1329,7.13,7.16,1389,302,7.12,7.17,1234,140,7.11,7.18,1104,271,7.1,7.19,629,1253,"(6196,)",0,0,0,0,0.14,1410,416216406.25,18,17,20260202,19921012,1152535234.375,15510000.0,2442543437.5,38018845000.0,51749301.7578125,0.0,2099.9999344348907,70118570000.0,40553400000.0,19740806250.0,4393831875.0,43016.0,18876087500.0,16100999.755859377,12719082500.0,49891070000.0,39184755000.0,32557362500.0,1590882031.25,3056041875.0,-20161999.51171875,12651572500.0,320012011.71875,35200365000.0,3065269062.5,2434335000.0,2435265000.0,19486150000.0,4.328999996185303,9.0,2975947304.6875,2975947304.6875,0.9,True
0,20,1012,15.35,15.3,15.43,15.51,15.24,11:29:50.796,11298466,-1535,26952,21,41540988.0,15068,11884,-2,2639,15.35,15.37,66,5,15.34,15.4,33,24,15.33,15.43,99,88,15.32,15.44,21,138,15.31,15.45,96,335,"(181,)",0,0,0,0,-0.38,1012,181165390.625,18,35,20251025,19920428,283161191.40625,12390000.0,142430498.046875,6062678750.0,101995800.78125,0.0,799.9999821186066,7532313125.0,5082980000.0,1613215000.0,328326992.1875,28401.0,3228700937.5,0.0,1465776875.0,4249259062.5,6829502500.0,5992382500.0,2295464062.5,256423007.8125,5545000.0,-446760000.0,-461106015.625,706965000.0,256537988.28125,212668984.375,212668984.375,-822046015.625,1.5010000467300415,9.0,2780888746.09375,2780888746.09375,0.9,True
0,55,797,4.05,3.99,4.05,4.08,4.01,11:29:57.576,11299596,-405,54661,1,22183504.0,26780,27881,0,1705,4.05,4.06,884,1205,4.04,4.07,1043,2906,4.03,4.08,1083,3593,4.02,4.09,882,2266,4.01,4.1,2465,2276,"(2805,)",0,0,0,0,-0.48,797,675852265.625,18,21,20251029,19960415,1073874218.75,12330000.0,1497111875.0,32065550000.0,394158789.0625,0.0,99.99999776482582,131273680000.0,57096530000.0,9282328125.0,834833984.375,44847.0,46243140000.0,483281015.625,43578999.0234375,60894575000.0,25593002500.0,21004365000.0,9851680000.0,140420996.09375,-12114000.244140623,-1942609062.5,-4371181875.0,7522772500.0,130710000.0,159116005.859375,158903007.8125,47673890000.0,5.671000003814697,9.0,2737201675.78125,2737201675.78125,0.9,True
0,68,812,3.57,3.53,3.56,3.59,3.54,11:29:57.864,11299644,-357,68726,2,24537150.0,33408,35318,0,1150,3.57,3.58,10023,1533,3.56,3.59,1636,8235,3.55,3.6,1250,5135,3.54,3.61,1256,2682,3.53,3.62,1360,1556,"(53,)",0,0,0,0,0.0,812,1006671484.375,18,39,20251030,19970611,1006671484.375,15510000.0,-733717187.5,5918214375.0,0.0,0.0,-1000.0000149011612,40219865000.0,14311812500.0,571526992.1875,1144212968.75,38067.0,17086326250.0,3901280000.0,11886831250.0,6079765000.0,5176196250.0,4781256875.0,4205048750.0,-396598007.8125,-725000.0,2500684062.5,-426075000.0,593673007.8125,-899275000.0,-968298046.875,-1000640000.0,-17450876250.0,0.6039999723434448,9.0,3593817199.21875,3593817199.21875,1.0,True
0,151,967,13.68,13.61,13.69,13.73,13.62,11:29:51.798,11298633,-1368,26733,7,36599252.0,15533,11200,0,3724,13.67,13.68,66,118,13.66,13.69,220,318,13.65,13.7,72,105,13.64,13.71,87,120,13.63,13.72,141,152,"(1076,)",0,0,0,0,0.07,967,307934707.03125,7,13,20260203,20000906,337370703.125,15510000.0,-1428463750.0,9149068750.0,0.0,0.0,-799.9999821186066,21975712500.0,19033037500.0,741727968.75,265443984.375,26817.0,18864618750.0,-1003874062.5,9930790625.0,3328605000.0,8262118750.0,6859642500.0,2156232031.25,-295691992.1875,274084003.90625,-867405937.5,-541215000.0,1609050937.5,-293066992.1875,-340860000.0,-283750996.09375,-11422436250.0,0.9869999885559082,9.0,4212546792.1875,4212546792.1875,0.9,True
0,153,924,6.71,6.68,6.71,6.73,6.69,11:29:55.980,11299330,-671,46936,7,31499736.0,26803,20133,0,2520,6.7,6.71,487,480,6.69,6.72,850,2537,6.68,6.73,1049,2152,6.67,6.74,513,1466,6.66,6.75,307,1831,"(52,)",0,0,0,0,0.0,924,458868515.625,24,34,20260110,20000920,464685507.8125,12270000.0,1473028437.5,32614227500.0,0.0,0.0,2199.999988079071,49684010000.0,20919348750.0,11110061250.0,2393592031.25,39078.0,23050822500.0,244270000.0,4581380000.0,21015455000.0,31251460000.0,25781397500.0,11004463750.0,1143336015.625,84765000.0,888135000.0,192407988.28125,5794623750.0,1139499062.5,982150000.0,1002842968.75,10438818125.0,4.521999835968018,9.0,3079007739.84375,3079007739.84375,1.0,True
0,404,1101,7.17,7.12,7.18,7.22,7.13,11:29:55.704,11299284,-717,70477,1,50661484.0,32563,37915,0,9291,7.17,7.18,336,1818,7.16,7.19,1236,837,7.15,7.2,1306,1233,7.14,7.21,830,1596,7.13,7.22,1500,3199,"(3253,)",0,0,0,0,0.0,1101,692719609.375,22,23,20251023,19960619,695996015.625,12340000.0,3759364062.5,96869820000.0,0.0,0.0,5500.00011920929,151571590000.0,115506160000.0,15750201250.0,2046110000.0,30044.0,89338320000.0,13812912500.0,15952551250.0,42522180000.0,93490320000.0,80946260000.0,27403372500.0,6103385000.0,699833984.375,4739920000.0,12938211250.0,13725431250.0,6111013750.0,5252245000.0,3798670000.0,18454576250.0,6.109000205993652,9.0,4966799599.21875,4966799599.21875,1.0,True
0,419,1026,6.7,6.66,6.68,6.78,6.65,11:29:55.986,11299331,-670,67445,16,45172800.0,34728,32717,0,8103,6.69,6.7,368,18,6.68,6.71,622,1790,6.67,6.72,482,1631,6.66,6.73,416,338,6.65,6.74,843,1055,"(53,)",0,0,0,0,0.15,1026,543582695.3125,21,12,20260115,19960816,543582695.3125,15520000.0,1461816718.75,12834572500.0,0.0,0.0,2300.000041723252,56931980000.0,25169380000.0,6940940625.0,1927214062.5,25729.0,11140572500.0,3254465000.0,4173943125.0,34974000000.0,13563580000.0,10466496250.0,693097031.25,1615265937.5,764592031.25,2976674062.5,1796407968.75,1916800937.5,1643415000.0,1369124062.5,1244138984.375,14403515000.0,6.434000015258789,9.0,3642004058.59375,3642004058.59375,1.0,True
0,421,1220,7.08,7.08,7.08,7.14,7.07,11:29:55.758,11299293,-708,61764,2,43822888.0,29950,31814,0,984,7.08,7.09,1183,190,7.07,7.1,2053,552,7.06,7.11,1084,1180,7.05,7.12,1080,1174,7.04,7.13,780,1499,"(53,)",0,0,0,0,0.0,1220,574296289.0625,26,42,20251028,19960806,574415703.125,13450000.0,-144157802.734375,36379860000.0,0.0,0.0,2000.0000298023224,105708600000.0,48398695000.0,36912897500.0,1069474062.5,31623.0,55550710000.0,11936232500.0,4081243125.0,28097875000.0,59683190000.0,51473180000.0,3359805000.0,2560211875.0,121943007.8125,15770742500.0,-23207001.953125,21868755000.0,2591796093.75,1877730000.0,1159011015.625,16109748750.0,4.892000198364258,9.0,4066017726.5625,4066017726.5625,0.95,True
0,428,1456,3.96,3.98,3.96,4.02,3.9,11:29:57.630,11299605,-396,212671,27,83756552.0,128358,84313,1,17947,3.95,3.96,1587,1336,3.94,3.97,5889,4687,3.93,3.98,2418,4113,3.92,3.99,794,2506,3.91,4.0,5823,4244,"(52,)",0,0,0,0,0.51,1456,1018926015.625,21,10,20251029,19960808,1018926015.625,17610000.0,-1115811406.25,4550696250.0,0.0,0.0,-1500.0000596046448,44984410000.0,9729132500.0,19271801250.0,3271310000.0,46075.0,31213297500.0,-5472375000.0,14520462500.0,13937892500.0,3981031875.0,3441878125.0,472371015.625,-2000064062.5,-103377001.953125,227386015.625,46957001.953125,4695887812.5,-1992322031.25,-1954651875.0,-1562063906.25,-12241890000.0,1.368000030517578,9.0,4034947021.875,4034947021.875,0.8,True
0,430,611,7.33,7.29,7.31,7.37,7.27,11:29:55.608,11299268,-733,37434,1,27427478.0,19125,18309,0,3377,7.33,7.35,865,184,7.32,7.36,1124,156,7.31,7.37,264,590,7.3,7.38,668,1227,7.29,7.39,1503,1219,"(501,)",0,0,0,0,-0.26,611,370556484.375,21,10,20251226,19960829,809635390.625,23780000.0,-647250507.8125,3102056875.0,0.0,0.0,-599.9999865889549,20991755000.0,1186190000.0,8871136875.0,4541523125.0,19698.0,8568122500.0,0.0,8522395000.0,2677614062.5,3365975000.0,2735040937.5,81823999.0234375,-132520000.0,22868999.0234375,418876992.1875,59000000.0,37773999.0234375,-133357998.046875,-223963984.375,-223963984.375,-10515551250.0,0.6610000133514404,9.0,2716179030.46875,2716179030.46875,1.0,True
0,488,327,2.11,2.1,2.11,2.12,2.1,11:29:58.740,11299790,-211,53448,3,11290455.0,38288,15160,0,3644,2.11,2.12,16914,36130,2.1,2.13,23450,29607,2.09,2.14,9503,6976,2.08,2.15,5399,6526,2.07,2.16,3419,3893,"(53,)",0,0,0,0,0.0,327,1681387343.75,15,38,20251031,20001120,2941456250.0,12220000.0,-7100985000.0,198247460000.0,706385234.375,528305195.3125,-20499.99952316284,528549760000.0,85279520000.0,297749800000.0,16165218750.0,109647.0,400892040000.0,21475597500.0,52412795000.0,31968895000.0,33478605000.0,54326125000.0,8824521250.0,-65228440000.0,-7154050000.0,7025893125.0,-405815000.0,26830045000.0,-65493170000.0,-64365090000.0,-60078160000.0,-53999990000.0,1.087000012397766,9.0,3547727295.3125,3547727295.3125,1.0,True
0,504,272,8.88,8.76,8.83,8.9,8.71,11:29:54.678,11299113,-888,18589,1,16409806.0,7381,11208,0,247,8.87,8.88,72,107,8.86,8.89,533,110,8.85,8.9,633,247,8.84,8.91,100,184,8.83,8.92,182,224,"(52,)",0,0,0,0,-0.21,272,329117890.625,21,34,20251027,19921208,330023085.9375,22750000.0,-84107597.65625,924170625.0,0.0,0.0,199.99999552965164,8419559375.0,5174368125.0,1484317031.25,623653984.375,12189.0,3643578750.0,1203283984.375,4234728125.0,2423275000.0,834383984.375,305173007.8125,1382132968.75,-24811000.9765625,53103002.9296875,173248007.8125,-447125000.0,462548007.8125,-31110000.0,-31495000.0,52322998.046875,-5457141250.0,0.734000027179718,9.0,2922566868.7500005,2922566868.7500005,1.0,True
0,505,1264,7.2,7.17,7.18,7.34,7.18,11:29:55.686,11299281,-720,95602,1,69323840.0,51934,43668,0,5715,7.19,7.2,359,341,7.18,7.21,1589,581,7.17,7.22,1099,159,7.16,7.23,1333,705,7.15,7.24,1020,603,"(52,)",0,0,0,0,0.28,1264,632380390.625,30,14,20260105,19921221,726950234.375,12130000.0,278544296.875,94933670000.0,64975000.0,0.0,-700.0000029802322,84974840000.0,64703845000.0,8351063125.0,3744364062.5,57700.0,38193735000.0,3401301875.0,16836737500.0,30783515000.0,62115240000.0,59029200000.0,976221953.125,-528590000.0,44873002.9296875,1490879062.5,5031657812.5,33017137500.0,-679746015.625,-787287031.25,-515016015.625,5288969375.0,4.235000133514404,9.0,4553138812.5,4553138812.5,0.75,True
0,507,806,5.47,5.44,5.47,5.51,5.45,11:29:56.724,11299454,-547,62999,3,34541292.0,31724,31275,0,3490,5.46,5.47,1777,444,5.45,5.48,1696,1460,5.44,5.49,1869,1415,5.43,5.5,1238,4727,5.42,5.51,1820,5193,"(52,)",0,0,0,0,0.18,806,902354531.25,12,16,20260202,19930326,919734921.875,16550000.0,2387892187.5,40335870000.0,0.0,0.0,2500.0,202266560000.0,57418140000.0,69174775000.0,13909947500.0,66552.0,43900485000.0,29694100000.0,13712315000.0,62724800000.0,32439140000.0,23354847500.0,13021222500.0,5420471250.0,1528277968.75,6926250000.0,-12811961250.0,2749243125.0,5137523125.0,3937955937.5,2483917031.25,25570240000.0,5.951000213623047,9.0,4935879285.9375,4935879285.9375,1.0,True
0,509,953,3.53,3.46,3.48,3.55,3.48,11:29:57.888,11299648,-353,108569,14,38191152.0,32648,75921,0,1531,3.53,3.54,733,1279,3.52,3.55,1615,8747,3.51,3.56,2682,2361,3.5,3.57,750,2837,3.49,3.58,882,2826,"(53,)",0,0,0,0,0.0,953,1073124765.625,23,35,20260122,19930507,1073127968.75,12390000.0,-123317099.609375,7154946875.0,0.0,0.0,-99.99999776482582,8714050625.0,6069130625.0,1357792031.25,311953007.8125,35000.0,4535873125.0,809075937.5,2507822031.25,1242707031.25,5884425000.0,5588291250.0,1844973125.0,-87219003.90625,0.0,-16149000.244140623,-146022998.046875,1685170000.0,-86327001.953125,-92207001.953125,-98557998.046875,-12156351250.0,0.1159999966621398,9.0,3788130422.65625,3788130422.65625,1.0,True
0,514,1099,5.22,5.17,5.19,5.31,5.18,11:29:56.874,11299479,-522,127945,1,67214696.0,52502,75443,0,1759,5.22,5.23,2413,142,5.21,5.24,859,1128,5.2,5.25,1730,782,5.19,5.26,988,541,5.18,5.27,428,1560,"(2229,)",0,0,0,0,-0.18,1099,843770937.5,25,11,20260119,19930712,843770937.5,20700000.0,-455557812.5,2950316250.0,0.0,0.0,1899.999976158142,72499295000.0,39454885000.0,5755298750.0,996840000.0,50739.0,24339522500.0,2779458125.0,11977821250.0,37923340000.0,1982080000.0,1626945937.5,2423042968.75,1819432031.25,2457876875.0,604072031.25,-28726000.9765625,27342627500.0,1895022031.25,1592417968.75,1613361093.75,15454873750.0,4.494999885559082,9.0,4404484293.75,4404484293.75,0.9,True
0,518,251,2.6,2.61,2.62,2.64,2.6,11:29:58.446,11299741,-260,46121,13,12074228.0,25872,20249,0,893,2.6,2.61,5067,1425,2.59,2.62,1300,2933,2.58,2.63,2023,1594,2.57,2.64,979,3741,2.56,2.65,1070,2869,"(53,)",0,0,0,0,-0.37,251,1029535703.125,26,34,20260204,19930908,1029556328.125,12270000.0,-146171601.5625,1559943437.5,0.0,0.0,-99.99999776482582,5091444062.5,3968364062.5,486351992.1875,102902001.953125,59387.0,892163984.375,264620000.0,355726992.1875,3590159062.5,2943740937.5,1948471093.75,742903984.375,-131306005.859375,15474000.244140623,839712031.25,681520000.0,2222590937.5,-140775000.0,-134955000.0,-126972998.046875,-7445830000.0,0.3490000069141388,9.0,2676792828.125,2676792828.125,1.0,True
0,520,1002,4.47,4.43,4.43,4.52,4.43,11:29:57.324,11299554,-447,122226,7,54637296.0,66752,55474,0,6056,4.45,4.47,2343,1375,4.44,4.48,4039,1747,4.43,4.49,1452,1834,4.42,4.5,415,3675,4.41,4.51,674,4043,"(52,)",0,0,0,0,0.22,1002,1012083437.5,19,8,20260202,19931025,1012083437.5,16550000.0,-220828808.59375,7554985000.0,0.0,0.0,-599.9999865889549,6312420000.0,3285734062.5,2813350937.5,0.0,71642.0,1990855000.0,0.0,19600945000.0,4027560937.5,5485069375.0,5161455000.0,866736015.625,-555248007.8125,0.0,-46137998.046875,761153984.375,101790000.0,-555385976.5625,-556171015.625,-556171015.625,-28177977500.0,0.3980000019073486,9.0,4524012965.625,4524012965.625,1.0,True
0,526,612,38.52,38.4,38.68,38.69,38.33,11:29:36.894,11296149,-3852,5721,6,22016782.0,3243,2478,1,4293,38.51,38.52,14,2,38.5,38.53,67,12,38.49,38.54,5,16,38.48,38.55,33,99,38.47,38.57,16,1,"(52,)",0,0,0,0,0.1,612,119459501.953125,20,18,20251105,19931101,121861103.515625,25830000.0,1757280000.0,22468170000.0,0.0,0.0,19500.00047683716,42322980000.0,15716176250.0,1927821093.75,78358002.9296875,16988.0,27625010000.0,-276324003.90625,9569590625.0,9972450000.0,26129512500.0,17281623750.0,111062998.046875,2885261875.0,136429003.90625,7617811250.0,-904396953.125,233398007.8125,2847046250.0,2266232031.25,2311136875.0,219426992.1875,8.184000015258789,9.0,4601580015.234375,4601580015.234375,0.9,True
0,529,818,6.25,6.22,6.29,6.29,6.23,11:29:56.256,11299376,-625,38997,3,24423988.0,19036,19961,0,11637,6.25,6.26,198,972,6.24,6.27,706,1026,6.23,6.28,875,1292,6.22,6.29,1092,1595,6.21,6.3,882,2480,"(2613,)",0,0,0,0,0.0,818,569884414.0625,12,14,20251029,19931118,583790312.5,12130000.0,850940703.125,18820298750.0,0.0,0.0,1199.99997317791,68169220000.0,27629350000.0,9594186250.0,2192811875.0,34215.0,18487120000.0,457473007.8125,4182455937.5,31694487500.0,16886547500.0,16074051250.0,460062031.25,722822031.25,578685000.0,-1419725000.0,-700045000.0,2821277812.5,806883984.375,681895000.0,671488984.375,14796442500.0,5.428999900817871,9.0,3561777587.890625,3561777587.890625,1.0,True
0,548,1042,5.82,5.81,5.86,5.89,5.81,11:29:56.514,11299419,-582,53147,7,31051256.0,25719,27428,0,3850,5.82,5.83,671,819,5.81,5.84,642,488,5.8,5.85,968,1749,5.79,5.86,306,1324,5.78,5.87,327,3906,"(117,)",0,0,0,0,0.0,1042,499173984.375,21,6,20260202,19931220,499215781.25,16540000.0,917972265.625,5142118125.0,0.0,0.0,1099.9999940395355,24637172500.0,13404381250.0,3326273125.0,1319079062.5,41964.0,3232470000.0,0.0,4782680000.0,20679706250.0,3784762187.5,2084720000.0,299374003.90625,827419062.5,4441000.061035156,-331911015.625,-1358236093.75,5318951875.0,812761015.625,563706992.1875,563706992.1875,9164661250.0,4.142000198364258,9.0,2905192589.0625,2905192589.0625,1.0,True
0,570,1103,6.09,5.94,5.99,6.14,5.99,11:29:56.352,11299392,-609,98627,2,59951356.0,45652,52975,0,5445,6.08,6.09,87,2644,6.07,6.1,1300,2761,6.06,6.11,1274,1755,6.05,6.12,932,1659,6.04,6.13,261,1661,"(1140,)",0,0,0,0,0.16,1103,555692500.0,26,26,20260123,19940701,705692500.0,12340000.0,463574414.0625,19579668750.0,150000000.0,0.0,599.9999865889549,53049530000.0,31883220000.0,5633566250.0,1382122031.25,44754.0,15175587500.0,812705000.0,6405096250.0,34368485000.0,20623801250.0,18330623750.0,12977511250.0,629937968.75,89907998.046875,-2149157031.25,-1950152968.75,5196850000.0,630576992.1875,505064023.4375,444887968.75,10210599375.0,4.869999885559082,9.0,3384167325.0,3384167325.0,1.0,True
0,576,1372,10.81,10.63,10.71,10.9,10.63,11:29:53.520,11298920,-1081,55655,2,59925212.0,26340,29315,0,3224,10.81,10.82,87,121,10.8,10.83,609,76,10.79,10.84,162,282,10.78,10.85,204,482,10.77,10.86,66,1190,"(117,)",0,0,0,0,-0.17,1372,433815312.5,12,29,20251025,19940907,436418203.125,12390000.0,200283808.59375,2783806562.5,0.0,0.0,1800.0000715255735,22607022500.0,10497832500.0,1083208984.375,262193984.375,37910.0,3087855937.5,598833007.8125,6696043750.0,16513701250.0,3611437812.5,1967300937.5,4618062187.5,736362031.25,433380000.0,113981992.1875,-84582001.953125,2612389062.5,1045562968.75,795052031.25,775312968.75,4405407812.5,3.783999919891357,9.0,4689543528.125,4689543528.125,0.8,True
0,590,1412,12.32,11.76,11.87,12.42,11.87,11:29:52.614,11298769,-1232,93151,9,113894640.0,31128,62023,0,16642,12.32,12.33,1,143,12.31,12.34,38,51,12.3,12.35,57,40,12.29,12.36,80,89,12.28,12.37,80,110,"(52,)",0,0,0,0,-0.07,1412,239371406.25,21,34,20251223,19960119,239471308.59375,12270000.0,-284544707.03125,2162311875.0,0.0,0.0,-599.9999865889549,9455893125.0,4312295000.0,2845903750.0,1261262968.75,17617.0,1624625000.0,24270000.0,4740643125.0,5834255000.0,2248157031.25,1198992031.25,32345000.0,-123868007.8125,922999.9542236328,331316992.1875,-195907988.28125,1149050937.5,-127360996.09375,-150629003.90625,-148206005.859375,-1760085000.0,2.436000108718872,9.0,2949055725.0,2949055725.0,1.0,True
0,605,992,7.25,7.2,7.26,7.29,7.22,11:29:55.656,11299276,-725,23627,11,17159188.0,10331,13296,0,3652,7.25,7.26,1139,1084,7.24,7.27,206,252,7.23,7.28,202,866,7.22,7.29,158,1502,7.21,7.3,781,1930,"(53,)",0,0,0,0,0.0,992,352658593.75,7,42,20251028,19960913,352658593.75,13460000.0,120922197.265625,12028471250.0,0.0,0.0,399.9999910593033,78877555000.0,21857105000.0,21960642500.0,6841390000.0,23196.0,30021340000.0,5443911250.0,10891757500.0,21304867500.0,11354967500.0,8815550000.0,10291092500.0,286913984.375,261716992.1875,262385000.0,-1768050937.5,785486015.625,278045996.09375,166018984.375,132015000.0,6154301250.0,6.040999889373779,9.0,2556774804.6875,2556774804.6875,1.0,True
0,608,795,3.57,3.56,3.61,3.66,3.5,11:29:57.864,11299644,-357,169588,2,60781932.0,86193,83396,0,20570,3.56,3.57,657,148,3.55,3.58,955,1093,3.54,3.59,2055,521,3.53,3.6,752,1416,3.52,3.61,3454,583,"(5236,)",0,0,0,0,0.0,795,744537031.25,10,11,20251031,19960919,749913281.25,20700000.0,-201041191.40625,2393968750.0,0.0,0.0,-1000.0000149011612,46856265000.0,1056907031.25,421295000.0,17141000.9765625,23825.0,6450121250.0,4859705000.0,5358661875.0,22276555000.0,2516325000.0,1688618906.25,173732988.28125,-496516015.625,-83760000.0,1451032968.75,-3190000.0,0.0,-481152968.75,-663258984.375,-720582968.75,6847711250.0,2.970999956130981,9.0,2657997201.5625,2657997201.5625,0.85,True
0,615,263,3.11,3.1,3.12,3.13,3.09,11:29:58.140,11299690,-311,30864,3,9605382.0,16822,14043,0,1685,3.11,3.12,2017,3869,3.1,3.13,5505,4901,3.09,3.14,3745,1746,3.08,3.15,1767,945,3.07,3.16,1962,1353,"(5173,)",0,0,0,0,0.0,263,925316406.25,19,9,20260206,19961016,1787492656.25,26840000.0,-827122734.375,7943307500.0,0.0,0.0,-1599.9999642372131,27372000000.0,5027640000.0,9048590000.0,2036500000.0,35007.0,13728781250.0,1786856093.75,8140440625.0,-2532326875.0,7218300625.0,5690596250.0,567253984.375,-1371602968.75,9276999.51171875,102642001.953125,-199024003.90625,1320961093.75,-1412929062.5,-1485740937.5,-1238592968.75,-18712745000.0,-0.3319999873638153,9.0,2877734023.4375,2877734023.4375,1.0,True
0,619,1012,6.63,6.56,6.64,6.68,6.6,11:29:56.028,11299338,-663,38764,3,25773918.0,19950,18814,1,1687,6.62,6.63,288,207,6.61,6.64,314,875,6.6,6.65,778,93,6.59,6.66,402,760,6.58,6.67,98,1513,"(52,)",0,0,0,0,0.15,1012,360000000.0,24,21,20251029,19961023,441168789.0625,12290000.0,-264124609.375,40876247500.0,0.0,0.0,-900.0000357627869,53623230000.0,31845960000.0,16498320000.0,3759985000.0,26369.0,20951223750.0,4019839062.5,8580446250.0,25502205000.0,36553747500.0,33331900000.0,10583921250.0,-329360000.0,27317998.046875,1733332031.25,371460000.0,9575175000.0,-320984003.90625,-367381015.625,-383481015.625,9950968125.0,5.781000137329102,9.0,2386800000.0,2386800000.0,1.0,True
0,626,852,7.75,7.74,7.81,7.83,7.74,11:29:55.356,11299226,-775,26197,13,20363324.0,14497,11700,1,2046,7.74,7.75,1336,152,7.73,7.76,259,1025,7.72,7.77,343,972,7.71,7.78,540,292,7.7,7.79,321,213,"(52,)",0,0,0,0,0.13,852,503716484.375,26,13,20251027,19961128,506626914.0625,15510000.0,-760738203.125,666028720000.0,0.0,0.0,599.9999865889549,84251170000.0,70833560000.0,4191601875.0,1166690000.0,22483.0,54422830000.0,2434477968.75,13182611250.0,23759547500.0,634836840000.0,632456760000.0,12269910000.0,712163984.375,2135000937.5,-4645909062.5,-1755871093.75,10092249375.0,808991015.625,467078984.375,321810000.0,5134396875.0,4.690000057220459,9.0,3903802753.90625,3903802753.90625,1.0,True
0,635,872,10.17,10.17,10.22,10.3,10.14,11:29:53.904,11298984,-1017,28548,1,29170944.0,16306,12242,0,501,10.17,10.18,58,52,10.16,10.19,379,78,10.15,10.2,625,20,10.14,10.22,76,60,10.13,10.23,107,113,"(757,)",0,0,0,0,0.0,872,303087597.65625,14,19,20260203,19961120,394133593.75,12260000.0,-2579159062.5,13759887500.0,0.0,0.0,-7900.000214576721,29931522500.0,7968965625.0,19440615000.0,604281992.1875,20348.0,12829900000.0,0.0,24680805000.0,15433193750.0,12800352500.0,14251660000.0,435480000.0,-2443189062.5,1031000.0610351562,-3055826875.0,4333207812.5,945369062.5,-2407000000.0,-2474253906.25,-2474253906.25,-14513476250.0,3.9159998893737793,9.0,3082400868.1640625,3082400868.1640625,1.0,True
0,638,211,1.81,1.9,1.81,1.81,1.81,11:29:58.920,11299820,-181,2734,8,494854.0,474,2260,0,1716,0.0,1.81,0,331624,0.0,1.82,0,738,0.0,1.83,0,757,0.0,1.84,0,66,0.0,1.85,0,312,"(52,)",0,0,0,0,0.0,211,310145605.46875,3,24,20251031,19961126,311386503.90625,10050000.0,132947802.734375,1094208125.0,0.0,0.0,-299.99999329447746,2657352812.5,1275137968.75,418448007.8125,229637011.71875,21510.0,1244838984.375,-30818999.0234375,1428745000.0,1394926875.0,1755411875.0,1669984062.5,344935000.0,-115000000.0,-5750000.0,-136818007.8125,-261107011.71875,291634003.90625,-113607998.046875,-114142001.953125,-85932998.046875,-2861856875.0,0.4480000138282776,9.0,561363545.8984375,561363545.8984375,1.0,True
0,668,354,14.08,13.94,13.8,14.26,13.78,11:29:51.558,11298593,-1408,13669,4,19192456.0,6083,7586,0,2594,14.08,14.12,6,1,14.05,14.13,35,48,14.03,14.14,3,55,14.0,14.15,23,37,13.98,14.16,20,200,"(52,)",0,0,0,0,-0.2,354,146841904.296875,15,11,20260204,19961210,146841904.296875,20700000.0,-343300781.25,387380390.625,0.0,0.0,-1899.999976158142,12838371250.0,5843795000.0,11155999.755859377,720000.0,4536.0,4196735937.5,92030000.0,898896953.125,7063688125.0,1849923125.0,1808518906.25,689167031.25,-323054003.90625,0.0,-187010000.0,-434893007.8125,4750803125.0,-339803007.8125,-277766992.1875,-274040000.0,3571830937.5,4.809999942779541,9.0,2067534012.5,2067534012.5,0.95,True
0,669,366,3.11,3.08,3.09,3.14,3.06,11:29:58.140,11299690,-311,63955,1,19868956.0,24863,39092,0,871,3.11,3.12,1663,1453,3.1,3.13,2217,3154,3.09,3.14,2024,4157,3.08,3.15,1463,8016,3.07,3.16,710,1911,"(437,)",0,0,0,0,-0.31,366,680408828.125,21,42,20251031,19961210,680408828.125,13450000.0,-951792500.0,9518528750.0,0.0,0.0,-700.0000029802322,24016830000.0,2153257031.25,15465498750.0,2718099062.5,15232.0,15753930000.0,912153046.875,16183915000.0,-111008994.140625,9101368750.0,8371255000.0,260312988.28125,-361970000.0,46335996.09375,729416015.625,9487999.877929688,157637998.046875,-523365000.0,-634956015.625,-462308007.8125,-24247280000.0,-0.0160000007599592,9.0,2116071455.46875,2116071455.46875,1.0,True
0,677,1153,4.08,4.09,4.12,4.16,4.07,11:29:57.558,11299593,-408,143841,2,59228712.0,81411,62430,0,997,4.07,4.08,8199,398,4.06,4.09,4068,898,4.05,4.1,2197,1759,4.04,4.11,1974,3626,4.03,4.12,3802,4272,"(1716,)",0,0,0,0,0.0,1153,863977968.75,15,27,20251024,19961226,863977968.75,12170000.0,392546484.375,8215267500.0,0.0,0.0,0.0,22249065000.0,15468372500.0,4623482812.5,908851953.125,54297.0,9233386250.0,7384130000.0,6976881875.0,5078180937.5,8288315625.0,6422385000.0,2350026875.0,1131432031.25,0.0,430976992.1875,91359003.90625,4289705937.5,1131508984.375,823598046.875,27476999.51171875,-12664363750.0,0.5879999995231628,9.0,3525030112.5,3525030112.5,0.9,True
0,679,802,7.39,7.35,7.35,7.43,7.31,11:29:55.572,11299262,-739,25969,2,19142700.0,11995,13974,0,5682,7.38,7.39,185,104,7.37,7.4,97,585,7.36,7.41,347,317,7.35,7.42,172,367,7.34,7.43,100,220,"(372,)",0,0,0,0,0.27,802,356400000.0,5,12,20251031,19970124,356400000.0,15520000.0,-413423398.4375,1245939531.25,0.0,0.0,-1599.9999642372131,9752015000.0,3160435937.5,1664942031.25,1177082968.75,19099.0,8579586250.0,-863662031.25,688272031.25,1974003906.25,2585551875.0,2123126875.0,445540000.0,-540981015.625,0.0,-1723525000.0,-146253007.8125,625247031.25,-666986015.625,-667041015.625,-571000000.0,-4261390000.0,0.5540000200271606,9.0,2633796000.0,2633796000.0,1.0,True
0,691,588,8.58,8.54,8.48,8.65,8.4,11:29:54.858,11299143,-858,35048,5,29887402.0,15918,19130,0,11719,8.58,8.59,329,544,8.57,8.6,754,49,8.56,8.61,255,81,8.55,8.62,429,42,8.54,8.63,184,32,"(52,)",0,0,0,0,0.0,588,323270000.0,4,19,20260204,19970228,484905000.0,12260000.0,-210231191.40625,3484459375.0,0.0,0.0,-1199.99997317791,5719617500.0,2928930000.0,2209980000.0,240788984.375,15659.0,5161551250.0,1258521953.125,1862900937.5,-1028495000.0,3526185937.5,3152439062.5,634235000.0,-248484003.90625,77999.99713897705,105703007.8125,51478999.0234375,838130937.5,-420968984.375,-417827968.75,-381348007.8125,-6277146875.0,-0.3179999887943268,9.0,2773656600.0,2773656600.0,0.95,True
0,692,1021,3.88,3.85,3.87,3.89,3.84,11:29:57.678,11299613,-388,75970,2,29404024.0,34816,41154,0,5341,3.87,3.88,1473,842,3.86,3.89,3678,5024,3.85,3.9,2336,2471,3.84,3.91,1028,2020,3.83,3.92,585,2178,"(52,)",0,0,0,0,0.0,1021,532833007.8125,5,42,20251029,19970227,532833007.8125,13440000.0,-4547060937.5,12285098750.0,0.0,0.0,-5899.999737739563,52740245000.0,17181950000.0,33730272500.0,622387968.75,25597.0,41276672500.0,-751445000.0,18497106250.0,-1291211015.625,12236076250.0,14280055000.0,5519440000.0,-4135942187.5,0.0,-4841771875.0,-1151467968.75,4120878125.0,-4144892187.5,-4193395000.0,-3166288125.0,-26898520000.0,-0.2419999986886978,9.0,2067392070.3125,2067392070.3125,0.9,True
0,698,355,3.89,3.86,3.87,3.91,3.85,11:29:57.672,11299612,-389,69742,2,27110278.0,33278,36465,0,882,3.89,3.9,635,1842,3.88,3.91,3462,3321,3.87,3.92,1741,1815,3.86,3.93,2312,6226,3.85,3.94,2681,1166,"(5941,)",0,0,0,0,-0.25,355,785714375.0,5,5,20251025,19970220,819514375.0,12260000.0,-1870128125.0,36056097500.0,0.0,0.0,1099.9999940395355,52001385000.0,22157637500.0,22702210000.0,5250166250.0,46492.0,31239080000.0,0.0,13371190000.0,14773331250.0,40025922500.0,36989337500.0,1983515000.0,873365000.0,0.0,4590487187.5,4081655937.5,3168170000.0,1029903046.875,888971953.125,888971953.125,-10643800000.0,1.8029999732971191,9.0,3056428918.75,3056428918.75,1.0,True
0,701,1230,6.39,6.28,6.34,6.41,6.32,11:29:56.172,11299362,-639,87071,38,55478256.0,39069,48002,1,6809,6.38,6.39,728,2255,6.37,6.4,992,2669,6.36,6.41,1612,2697,6.35,6.42,1318,1343,6.34,6.43,239,1582,"(52,)",0,0,0,0,0.0,1230,667746562.5,20,13,20260110,19970226,668313125.0,15510000.0,-1417887968.75,342857520000.0,0.0,0.0,-1299.9999523162842,171584120000.0,119116310000.0,8931503125.0,1390094062.5,48340.0,108979510000.0,8413161250.0,26509045000.0,24938627500.0,269210100000.0,262050520000.0,23859255000.0,588610976.5625,2174831093.75,-14350176250.0,4002226875.0,25569815000.0,595808007.8125,306282011.71875,66375000.0,-40088840000.0,-0.7490000128746033,9.0,4266900534.375,4266900534.375,0.85,True
0,702,1022,7.17,7.1,7.14,7.18,7.07,11:29:55.704,11299284,-717,28911,1,20651990.0,11857,17055,0,1292,7.17,7.18,2,1568,7.16,7.19,167,1015,7.15,7.2,194,2799,7.14,7.21,56,1387,7.13,7.22,714,4282,"(5428,)",0,0,0,0,0.14,1022,266634609.375,21,17,20251028,19970318,346625000.0,12130000.0,-222408808.59375,7847202500.0,0.0,0.0,-299.99999329447746,5055842187.5,2194817031.25,1261951953.125,59396000.9765625,31981.0,2025075000.0,-587312968.75,4365423125.0,3520348750.0,7968913125.0,7408031250.0,798817031.25,-101769003.90625,1779000.0915527344,-361137968.75,-2281807968.75,864192031.25,-99528994.140625,-101607001.953125,-104797998.046875,-4844605937.5,1.0160000324249268,9.0,1911770149.21875,1911770149.21875,1.0,True
0,705,866,9.62,9.51,9.59,9.64,9.55,11:29:54.234,11299039,-962,37128,42,35626148.0,19256,17872,0,11096,9.61,9.62,165,309,9.6,9.63,397,369,9.59,9.64,180,523,9.58,9.65,421,720,9.57,9.66,221,769,"(52,)",0,0,0,0,0.0,866,281960703.125,28,12,20251031,19970410,334123281.25,15510000.0,435689414.0625,28516245000.0,0.0,0.0,1700.0000178813934,30307602500.0,14712365000.0,7279580000.0,1004245000.0,35792.0,6772028125.0,0.0,5197368125.0,20174685000.0,17796306250.0,13179162500.0,3187190000.0,669986015.625,333143984.375,300290000.0,-113631992.1875,4989335000.0,651073007.8125,560447031.25,560599023.4375,9790855000.0,6.038000106811523,9.0,2712461964.0625,2712461964.0625,1.0,True
0,707,1186,6.64,6.53,6.66,6.77,6.64,11:29:56.022,11299337,-664,133627,31,89459240.0,65201,68426,0,14625,6.64,6.65,274,897,6.63,6.66,247,472,6.62,6.67,356,167,6.61,6.68,823,479,6.6,6.69,565,342,"(117,)",0,0,0,0,-0.14,1186,464145781.25,19,19,20251028,19970415,584717187.5,12260000.0,3394271562.5,20409411250.0,0.0,0.0,-500.0000074505806,56804045000.0,16958636250.0,33870122500.0,4478090000.0,39069.0,12457770000.0,489612031.25,16245026250.0,28474260000.0,15505231250.0,12958372500.0,0.0,668849062.5,19930000.0,-553035000.0,-2880693125.0,1113413984.375,686886015.625,273070996.09375,-262345996.09375,3704862812.5,4.869999885559082,9.0,3081927987.5,3081927987.5,1.0,True
0,713,976,6.84,6.84,6.86,6.86,6.82,11:29:55.902,11299317,-684,63277,2311,43278980.0,39726,23552,0,6003,6.84,6.85,3,3166,6.83,6.86,6406,1213,6.82,6.87,3522,860,6.81,6.88,4025,961,6.8,6.89,8734,996,"(4532,)",0,0,0,0,0.0,976,614015000.0,24,17,20260202,19970422,798219531.25,10050000.0,-710513437.5,17204847500.0,0.0,0.0,-1500.0000596046448,35230580000.0,21051065000.0,5612451250.0,2605852968.75,67378.0,13275597500.0,758927031.25,4471451250.0,19058286250.0,15255948750.0,13858056250.0,2664196250.0,-958367031.25,18307000.732421875,1364962031.25,1204000000.0,9876150000.0,-973710000.0,-977200937.5,-907137968.75,7355656250.0,3.1040000915527344,9.0,4199862600.0,4199862600.0,0.85,True
0,715,1061,6.58,6.48,6.48,6.6,6.42,11:29:56.058,11299343,-658,100038,13,64919348.0,50916,49122,0,2935,6.58,6.59,645,467,6.57,6.6,230,658,6.56,6.61,303,460,6.55,6.62,1187,268,6.54,6.63,32,240,"(693,)",0,0,0,0,0.46,1061,538993398.4375,5,12,20260202,19970508,540434609.375,15520000.0,552588007.8125,5663524375.0,0.0,0.0,1299.9999523162842,26964647500.0,10314036250.0,5759896250.0,1546284062.5,20000.0,6180342500.0,12140000.0,590514023.4375,19645668750.0,5619950000.0,2522025000.0,17996999.51171875,909071953.125,8832000.122070312,977455937.5,-365893007.8125,726280000.0,911790000.0,685752968.75,684145000.0,11472210000.0,3.634999990463257,9.0,3546576561.71875,3546576561.71875,0.9,True
0,716,1189,6.16,6.14,6.15,6.17,6.11,11:29:56.310,11299385,-616,108854,39,66825648.0,67369,41486,1,7761,6.15,6.16,719,6458,6.14,6.17,4764,4318,6.13,6.18,7450,2401,6.12,6.19,5985,1262,6.11,6.2,5198,2318,"(5940,)",0,0,0,0,0.33,1189,738784375.0,10,14,20260204,19970418,752884062.5,12140000.0,417524296.875,15881160000.0,0.0,0.0,99.99999776482582,45672420000.0,15185117500.0,15238037500.0,3299551250.0,91000.0,12965476250.0,1524757031.25,15990793750.0,25489877500.0,14686522500.0,11361092500.0,2795456875.0,164234003.90625,-4365000.0,970762031.25,-781702968.75,4425876875.0,138046992.1875,86739003.90625,68192998.046875,1689131093.75,3.382999897003174,9.0,4550911750.0,4550911750.0,0.8,True
0,720,1479,3.79,3.71,3.77,3.82,3.71,11:29:57.732,11299622,-379,212772,5,80311328.0,102710,110062,0,9919,3.78,3.79,1780,138,3.77,3.8,1131,20067,3.76,3.81,1747,9778,3.75,3.82,2237,11460,3.74,3.83,1272,3877,"(52,)",0,0,0,0,0.0,1479,1256531562.5,15,8,20260203,19970509,1256531562.5,12380000.0,-430526601.5625,7880308750.0,0.0,0.0,-0.0,52089140000.0,46967310000.0,643498007.8125,73489003.90625,62627.0,19799556250.0,981344062.5,5562276250.0,23577520000.0,10274713125.0,9698168750.0,5915511250.0,-9860000.0,7698999.6337890625,5324845000.0,-356637031.25,35545900000.0,-5985999.755859375,-24866999.51171875,-39676999.51171875,3942585937.5,1.8760000467300413,9.0,4762254621.875,4762254621.875,0.75,True
0,726,1164,7.65,7.67,7.69,7.73,7.61,11:29:55.416,11299236,-765,63701,1,48757272.0,41937,21764,0,1938,7.64,7.65,635,19,7.63,7.66,3560,199,7.62,7.67,2316,487,7.61,7.68,2496,281,7.6,7.69,1932,292,"(2612,)",0,0,0,0,-0.12,1164,589117812.5,15,15,20260106,20001225,817307031.25,12170000.0,2878533750.0,44010720000.0,226125996.09375,0.0,6200.000047683716,141683210000.0,66280460000.0,56906760000.0,3251611875.0,46011.0,16208961250.0,3173526875.0,1789290937.5,97532310000.0,42998195000.0,33037487500.0,7764925000.0,5868192500.0,2510206093.75,4091805000.0,1915618906.25,21565720000.0,5917282500.0,5121850000.0,5026715937.5,72723755000.0,11.845999717712402,9.0,4506751265.625,4506751265.625,1.0,True
0,731,779,6.96,6.86,6.9,6.99,6.88,11:29:55.830,11299305,-696,63788,14,44338264.0,21858,41930,0,3416,6.96,6.97,284,514,6.95,6.98,761,917,6.94,6.99,1236,1283,6.93,7.0,509,1708,6.92,7.01,2951,1474,"(53,)",0,0,0,0,0.0,779,548825898.4375,23,28,20260202,19970617,548825898.4375,12260000.0,1893807968.75,28684725000.0,0.0,0.0,-99.99999776482582,51678615000.0,30194862500.0,17905886250.0,1702906093.75,37821.0,5363428125.0,3378740000.0,4465371875.0,40329062500.0,27171622500.0,24427205000.0,908228046.875,77640996.09375,258870996.09375,-857367031.25,-328787031.25,4828705000.0,75439003.90625,-82760000.0,-72902001.953125,26462477500.0,7.217000007629394,9.0,3819828253.125,3819828253.125,1.0,True
0,736,403,5.24,5.22,5.23,5.28,5.2,11:29:56.862,11299477,-524,46983,15,24625092.0,26078,20905,0,2029,5.23,5.24,1020,867,5.22,5.25,1210,1028,5.21,5.26,1042,1128,5.2,5.27,1469,367,5.19,5.28,734,2387,"(52,)",0,0,0,0,0.0,403,747098437.5,25,11,20260203,19970425,747098437.5,20700000.0,-14890537500.0,122711540000.0,0.0,0.0,-22200.00028610229,22584602500.0,19700831250.0,146945996.09375,72556000.9765625,29169.0,9311875000.0,245885000.0,65167980000.0,12476032500.0,142931140000.0,143314420000.0,7685613125.0,-16292130000.0,1637475937.5,-968821015.625,-64783090000.0,151999.99809265137,-16540051250.0,-19005995000.0,-16603240000.0,-60865430000.0,1.6699999570846558,9.0,3914795812.5,3914795812.5,1.0,True
0,752,389,10.86,10.88,10.86,10.95,10.82,11:29:53.490,11298915,-1086,14147,15,15368531.0,8839,5308,0,825,10.85,10.86,296,0,10.84,10.87,852,75,10.83,10.88,744,465,10.82,10.89,324,139,10.81,10.9,446,119,"(117,)",0,0,0,0,0.0,389,263758496.09375,31,37,20260126,19970625,263758496.09375,12150000.0,239918691.40625,2994596250.0,0.0,0.0,5500.00011920929,14077498750.0,10596365000.0,1422501875.0,52510996.09375,15873.0,2012317031.25,5583532500.0,5458403750.0,6147163750.0,3251251875.0,1861976875.0,101999.99809265137,2729940000.0,-22025000.0,1012953046.875,3992471250.0,353084023.4375,2773111875.0,2538514062.5,1449070000.0,-2641075000.0,2.3310000896453857,9.0,2864417267.578125,2864417267.578125,1.0,True
0,757,1145,5.29,5.24,5.27,5.31,5.23,11:29:56.832,11299472,-529,60267,6,31780564.0,23145,37122,0,2867,5.28,5.29,713,394,5.27,5.3,1107,2903,5.26,5.31,692,2881,5.25,5.32,1259,741,5.24,5.33,670,1094,"(52,)",0,0,0,0,0.19,1145,532706015.625,23,7,20260203,19970627,532716093.75,15520000.0,-238920000.0,26295305000.0,0.0,0.0,799.9999821186066,24612977500.0,16131237500.0,4956723125.0,268008007.8125,25602.0,7953511875.0,0.0,14941710000.0,15921430000.0,21830527500.0,19042347500.0,1382586093.75,533989023.4375,-24891999.51171875,2313384062.5,-387601015.625,3970282812.5,535331992.1875,427751992.1875,427751992.1875,-4754953125.0,2.989000082015991,9.0,2818014822.65625,2818014822.65625,1.0,True
0,779,1102,9.01,8.89,8.94,9.03,8.88,11:29:54.600,11299100,-901,44492,2,39950796.0,15094,29398,0,2280,9.0,9.01,15,68,8.99,9.02,1,1641,8.98,9.03,57,2747,8.97,9.04,102,1182,8.96,9.05,446,1741,"(52,)",0,0,0,0,0.22,1102,464774687.5,4,21,20260202,19970528,464829492.1875,22740000.0,1803250312.5,13703638750.0,0.0,0.0,3400.000035762787,54431595000.0,36403130000.0,9743534375.0,1895450937.5,28201.0,13071415000.0,63659003.90625,17075442500.0,39525340000.0,14147545000.0,8970488125.0,16131237500.0,1931600000.0,70071997.0703125,-1232324062.5,-5019246875.0,374325000.0,1929210937.5,1576535000.0,1577157031.25,16996668750.0,8.503000259399414,9.0,4187619934.375,4187619934.375,1.0,True
0,782,1200,6.15,6.14,6.17,6.28,6.13,11:29:56.316,11299386,-615,145883,2,90323376.0,83427,62456,0,9039,6.14,6.15,348,623,6.13,6.16,2224,245,6.12,6.17,1115,576,6.11,6.18,597,55,6.1,6.19,836,34,"(52,)",0,0,0,0,0.0,1200,528139609.375,12,27,20251030,19970619,686581484.375,12280000.0,-134072001.953125,24151435000.0,0.0,0.0,-799.9999821186066,30367610000.0,14615722500.0,5513069375.0,2118577968.75,28822.0,10351511875.0,0.0,10559752500.0,17192573750.0,18097992500.0,17508747500.0,2254117968.75,-582541992.1875,84778994.140625,-876832968.75,-1997980000.0,3669643125.0,-570503984.375,-570490000.0,-570490000.0,-1171396953.125,2.503999948501587,9.0,3248058597.65625,3248058597.65625,0.8,True
0,788,1004,6.37,6.32,6.38,6.41,6.34,11:29:56.184,11299364,-637,94913,72,60498980.0,41400,53513,0,17749,6.36,6.37,1766,801,6.35,6.38,2134,745,6.34,6.39,1512,2140,6.33,6.4,2789,4416,6.32,6.41,4342,2847,"(52,)",0,0,0,0,0.16,1004,595987382.8125,25,34,20251031,19970616,595987382.8125,12270000.0,1303649921.875,15343302500.0,0.0,0.0,2300.000041723252,20988900000.0,17561792500.0,1180740000.0,1244600000.0,49362.0,4628678750.0,-6462999.877929688,1991728906.25,16149765000.0,12311932500.0,8984228125.0,7565805000.0,1640377968.75,24718999.0234375,1317382968.75,356481015.625,1440501875.0,1666556093.75,1359805937.5,1359805937.5,7502355000.0,2.7100000381469727,9.0,3796439628.515625,3796439628.515625,0.75,True
0,789,727,5.7,5.65,5.7,5.73,5.66,11:29:56.586,11299431,-570,41681,1,23738506.0,20624,21057,0,6299,5.69,5.7,680,99,5.68,5.71,77,732,5.67,5.72,457,2497,5.66,5.73,1264,1411,5.65,5.74,540,1409,"(2612,)",0,0,0,0,0.0,727,797407421.875,22,22,20251030,19970923,797407421.875,12300000.0,69781401.3671875,40180030000.0,0.0,0.0,99.99999776482582,157993820000.0,71804855000.0,60604180000.0,15273600000.0,46758.0,41172380000.0,33524947500.0,519483007.8125,65903920000.0,33277070000.0,28063987500.0,14790675000.0,696330000.0,173346992.1875,4155935000.0,1696203906.25,4626043125.0,749400937.5,170893984.375,74853999.0234375,53907990000.0,8.07699966430664,9.0,4545222304.6875,4545222304.6875,1.0,True
0,790,1068,4.07,4.05,4.08,4.12,4.05,11:29:57.564,11299594,-407,136071,2,55570284.0,64643,71428,1,28340,4.06,4.07,1344,688,4.05,4.08,1120,795,4.04,4.09,1597,5188,4.03,4.1,209,2215,4.02,4.11,594,6214,"(1268,)",0,0,0,0,0.0,1068,622614609.375,23,34,20251030,19980327,623719414.0625,12270000.0,57378701.171875,6630792500.0,0.0,0.0,-1599.9999642372131,18617050000.0,5462131875.0,4569807812.5,1762167031.25,36981.0,8000481250.0,174715000.0,662902031.25,9323530000.0,4573846250.0,2493496093.75,2701561875.0,-916119062.5,-250587988.28125,-103406992.1875,-499964023.4375,601727968.75,-929417031.25,-971142031.25,-977851953.125,1181117031.25,1.4950000047683716,9.0,2534041460.15625,2534041460.15625,0.95,True
0,802,1783,4.87,4.66,4.74,4.87,4.72,11:29:57.084,11299514,-487,329402,44,158086176.0,112789,216614,0,16761,4.86,4.87,1454,3096,4.85,4.88,233,4072,4.84,4.89,531,1718,4.83,4.9,221,2765,4.82,4.91,307,877,"(5300,)",0,0,0,0,1.25,1783,715465234.375,7,18,20251025,19980108,715900234.375,27870000.0,-399105781.25,993666562.5,0.0,0.0,-4300.000071525574,19851743750.0,8604096875.0,601395000.0,4659164062.5,61932.0,11565697500.0,-206381015.625,31759915000.0,7794171250.0,2498523125.0,4512676875.0,859051953.125,-2523275000.0,2308999.938964844,858571953.125,581883984.375,430170000.0,-3014330000.0,-3053339062.5,-3053318125.0,-31652937500.0,1.0889999866485596,9.0,3484315691.40625,3484315691.40625,0.8,True
0,809,841,3.5,3.44,3.47,3.51,3.46,11:29:57.906,11299651,-350,84470,3,29459598.0,39334,45136,0,1398,3.49,3.5,3021,3460,3.48,3.51,3524,5376,3.47,3.52,1903,1846,3.46,3.53,3616,1595,3.45,3.54,3212,1680,"(52,)",0,0,0,0,0.0,841,824791328.125,5,43,20260128,19980616,824791328.125,12380000.0,-784303671.875,850060937.5,0.0,0.0,-599.9999865889549,29091562500.0,11341165000.0,2880765000.0,785295000.0,28743.0,2259767031.25,102337001.953125,827658984.375,26705950000.0,1026855000.0,1081921953.125,1093117968.75,-490585976.5625,-88682001.953125,-538428984.375,-8379345000.0,673530000.0,-490568984.375,-504616992.1875,-499100000.0,15662545000.0,3.23799991607666,9.0,2886769648.4375,2886769648.4375,0.95,True
0,812,848,4.49,4.45,4.48,4.49,4.45,11:29:57.312,11299552,-449,74671,18,33425944.0,36682,37990,0,5439,4.48,4.49,359,8662,4.47,4.5,5395,3510,4.46,4.51,5186,2615,4.45,4.52,3966,4053,4.44,4.53,2427,7188,"(5556,)",0,0,0,0,0.0,848,768160937.5,8,46,20251028,19980623,768692578.125,12230000.0,589066992.1875,10587671250.0,0.0,0.0,199.99999552965164,57519310000.0,12402830000.0,23402130000.0,2304355000.0,68533.0,29927437500.0,543956015.625,1926882031.25,17978201250.0,10428259375.0,7898177500.0,3369650000.0,306587988.28125,-5530000.0,1605919062.5,1759171093.75,2779808125.0,279411015.625,189754003.90625,118045000.0,5272463125.0,2.33899998664856,9.0,3449042609.375,3449042609.375,0.95,True
0,820,206,3.64,3.47,3.58,3.64,3.55,11:29:57.822,11299637,-364,34431,22,12443627.0,13945,20487,0,22081,3.64,0.0,28139,0,3.63,0.0,559,0,3.62,0.0,373,0,3.61,0.0,109,0,3.6,0.0,418,0,"(3253,)",0,0,0,0,0.0,206,296966894.53125,22,39,20260204,19980630,646555195.3125,22740000.0,-150635898.4375,1190857187.5,0.0,0.0,-99.99999776482582,5825421250.0,4216587812.5,12994000.244140623,17300999.755859375,19300.0,3457509062.5,799966015.625,6011615000.0,1488875000.0,922210000.0,744288984.375,1665390000.0,-154550000.0,-5999.999642372131,-233340996.09375,127020000.0,45423002.9296875,-155743994.140625,-129568994.140625,-83710000.0,-5941842500.0,0.2300000041723251,9.0,1080959496.09375,1080959496.09375,0.95,True
0,826,1383,2.26,2.16,2.18,2.28,2.17,11:29:58.650,11299775,-226,382151,1,85396928.0,129305,252847,0,2324,2.25,2.26,1960,7057,2.24,2.27,5647,13823,2.23,2.28,11444,19845,2.22,2.29,3970,10753,2.21,2.3,6667,20663,"(4468,)",0,0,0,0,0.0,1383,1425172968.75,19,39,20260205,19980225,1425353281.25,23780000.0,-11125786250.0,36941772500.0,0.0,0.0,-5400.000214576721,186717500000.0,62836655000.0,13936898750.0,71609375000.0,69689.0,93539120000.0,25408802500.0,65114310000.0,419100976.5625,33037772500.0,25350417500.0,42487930000.0,-4582630937.5,-2193353906.25,4426631875.0,-823646953.125,2395755000.0,-5633061250.0,-6423994375.0,-6831749375.0,-84684390000.0,0.0289999991655349,9.0,3220890909.3749995,3220890909.3749995,0.8,True
0,838,1426,2.73,2.73,2.75,2.81,2.71,11:29:58.368,11299728,-273,340353,147,94041976.0,188705,151648,0,20270,2.73,2.74,9433,903,2.72,2.75,2190,4562,2.71,2.76,2955,986,2.7,2.77,4386,1364,2.69,2.78,597,2755,"(2229,)",0,0,0,0,-0.35,1426,1053765937.5,25,11,20251028,19970626,1100462187.5,20700000.0,-60341201.171875,7483175000.0,0.0,0.0,-199.99999552965164,24937380000.0,19869490000.0,1282385000.0,71598999.0234375,42794.0,20324137500.0,324008007.8125,2567363125.0,4102446250.0,2137435937.5,1666317968.75,109250996.09375,-308116992.1875,-268126992.1875,739875000.0,245995996.09375,14779180000.0,-311937011.71875,-195004003.90625,-186535996.09375,-9882621250.0,0.3729999959468841,9.0,2876781009.375,2876781009.375,0.7,True
0,856,1639,11.23,11.04,11.41,11.45,11.11,11:29:53.268,11298878,-1123,89258,5,100367552.0,47128,42131,0,47352,11.22,11.23,47,156,11.21,11.24,90,492,11.2,11.25,202,685,11.19,11.26,165,1058,11.18,11.27,88,337,"(5812,)",0,0,0,0,-0.08,1639,227000000.0,11,26,20251030,19980813,227000000.0,12350000.0,112354296.875,19018680000.0,0.0,0.0,399.9999910593033,22533997500.0,19201248750.0,2068426875.0,143520996.09375,43804.0,18080137500.0,201043984.375,3586568125.0,4194640937.5,20373155000.0,18985211250.0,9527228125.0,24100998.53515625,45083999.0234375,-589549023.4375,-235470996.09375,3175503750.0,74862001.953125,83827001.953125,81182001.953125,-1767874062.5,1.8480000495910645,9.0,2549210000.0,2549210000.0,0.75,True
0,862,1255,6.36,6.31,6.33,6.41,6.3,11:29:56.190,11299365,-636,92051,13,58616864.0,45030,47021,0,8856,6.36,6.37,1281,98,6.35,6.38,959,715,6.34,6.39,535,964,6.33,6.4,180,3908,6.32,6.41,356,2833,"(117,)",0,0,0,0,-0.15,1255,627967109.375,14,16,20251025,19980915,917954687.5,13440000.0,1905295937.5,9301226250.0,0.0,0.0,2599.9999046325684,88700810000.0,24756315000.0,59815320000.0,771965000.0,47122.0,30934397500.0,810438984.375,34312715000.0,44831955000.0,9752275625.0,5992065000.0,23336837500.0,2663018125.0,27045998.53515625,10441881875.0,-55542998.046875,365303007.8125,2661598125.0,2429415937.5,2374515000.0,1095880000.0,4.883999824523926,9.0,3993870815.625,3993870815.625,0.85,True
0,868,728,4.92,4.91,4.93,4.95,4.9,11:29:57.054,11299509,-492,57895,10,28453806.0,26921,30974,0,5566,4.91,4.92,5824,3168,4.9,4.93,3365,3444,4.89,4.94,1064,3097,4.88,4.95,1544,6868,4.87,4.96,1073,2991,"(3124,)",0,0,0,0,0.0,728,733328437.5,24,7,20260202,19970725,939514765.625,12360000.0,-53590000.0,16942357500.0,0.0,0.0,-99.99999776482582,42529620000.0,31963450000.0,5798238125.0,1611162968.75,46856.0,33051490000.0,355196015.625,13122737500.0,8513180000.0,24459747500.0,22500055000.0,12694221250.0,-202545000.0,44962998.046875,-344330000.0,-503816992.1875,3739693125.0,-198098007.8125,-199336992.1875,-86578994.140625,-14780481250.0,0.906000018119812,9.0,3607975912.5,3607975912.5,1.0,True
0,889,1044,3.75,3.67,3.69,3.77,3.68,11:29:57.756,11299626,-375,121994,5,45491176.0,49151,72844,0,1225,3.75,3.76,324,9237,3.74,3.77,2193,4939,3.73,3.78,1743,4358,3.72,3.79,2346,2565,3.71,3.8,2670,4147,"(5301,)",0,0,0,0,-0.26,1044,869849687.5,11,24,20251031,19971218,936291093.75,18650000.0,-230992695.3125,10780760000.0,0.0,0.0,-299.99999329447746,8891875000.0,7087411875.0,434790000.0,5091000.061035156,38025.0,7896461250.0,1361999.969482422,14896637500.0,709770000.0,11859761250.0,10968132500.0,5859631875.0,-266486015.625,0.0,-230116992.1875,-360046015.625,333748007.8125,-304146992.1875,-293636015.625,-293384003.90625,-24594235000.0,0.0759999975562095,9.0,3261936328.125,3261936328.125,0.9,True
0,897,1123,2.3,2.28,2.29,2.34,2.28,11:29:58.626,11299771,-230,310735,6,71902736.0,129334,181401,0,2723,2.3,2.31,18229,17244,2.29,2.32,24944,12663,2.28,2.33,28804,17029,2.27,2.34,9039,27038,2.26,2.35,7023,30391,"(53,)",0,0,0,0,0.0,1123,1617241562.5,9,11,20251029,19990422,1617272187.5,20700000.0,3713594375.0,16548512500.0,0.0,0.0,99.99999776482582,44871190000.0,41884860000.0,39073999.0234375,14785999.755859377,81953.0,13018590000.0,996550000.0,3092440937.5,30724975000.0,3074664062.5,2020710937.5,453641015.625,322960000.0,141643994.140625,-6625740625.0,-6053063125.0,33521777500.0,311161015.625,145158994.140625,181963007.8125,10603522500.0,1.899999976158142,9.0,3719655593.75,3719655593.75,0.9,True
0,906,726,6.2,6.16,6.21,6.25,6.18,11:29:56.286,11299381,-620,29841,33,18536942.0,13105,16736,-1,9060,6.2,6.21,222,470,6.19,6.22,341,1180,6.18,6.23,698,2124,6.17,6.24,404,1184,6.16,6.25,274,2727,"(53,)",0,0,0,0,0.0,726,701239765.625,28,12,20251025,19990707,709663203.125,21720000.0,3620042500.0,1472104480000.0,0.0,0.0,2300.000041723252,533931960000.0,502259600000.0,14477731250.0,4572969062.5,28465.0,414844360000.0,37929427500.0,8543915625.0,57559240000.0,1706224320000.0,1692114400000.0,73461325000.0,6247128125.0,3002943125.0,-55241460000.0,-5369332500.0,200738780000.0,6235861250.0,4499994062.5,1900270000.0,28120740000.0,6.702000141143799,9.0,4347686546.875,4347686546.875,1.0,True
0,909,203,5.62,5.53,5.52,5.67,5.52,11:29:56.634,11299439,-562,16973,1,9551056.0,4402,12571,0,530,5.61,5.62,147,50,5.6,5.63,265,654,5.59,5.64,308,80,5.58,5.65,263,277,5.57,5.66,459,98,"(52,)",0,0,0,0,0.0,203,437710585.9375,28,25,20251025,19990507,437714296.875,20700000.0,481931093.75,2354099843.75,0.0,0.0,-1500.0000596046448,23454990000.0,7903753125.0,4689835000.0,65164003.90625,18619.0,11760745000.0,492001992.1875,9990350000.0,9929511250.0,2422067031.25,1552812031.25,699611015.625,-450326992.1875,-125390000.0,458678984.375,-6183000.48828125,3993537812.5,-451564023.4375,-641927968.75,-674612031.25,-4650634062.5,2.2690000534057617,9.0,2459933492.96875,2459933492.96875,1.0,True
0,910,672,7.81,7.71,7.78,7.87,7.77,11:29:55.320,11299220,-781,28730,6,22483474.0,11617,17113,0,1019,7.81,7.82,581,197,7.8,7.83,416,108,7.79,7.84,50,141,7.78,7.85,21,515,7.77,7.86,219,584,"(117,)",0,0,0,0,-0.12,672,547184492.1875,26,4,20251030,19990630,547397500.0,12200000.0,1340603281.25,37723055000.0,0.0,0.0,1299.9999523162842,97451220000.0,71187340000.0,14824025000.0,4766975000.0,17629.0,27499312500.0,1489048125.0,2433890937.5,67172980000.0,34039287500.0,25232287500.0,15925348750.0,754133984.375,74832001.953125,-200743984.375,-449591015.625,18121395000.0,744452968.75,540000976.5625,731730000.0,55944305000.0,12.270999908447266,9.0,4273510883.984375,4273510883.984375,1.0,True
0,911,1365,6.76,6.66,6.69,6.76,6.66,11:29:55.950,11299325,-676,76689,3,51508564.0,31018,45671,0,11708,6.75,6.76,11,3075,6.74,6.77,519,892,6.73,6.78,1384,1502,6.72,6.79,1359,1277,6.71,6.8,2651,825,"(52,)",0,0,0,0,0.15,1365,400319804.6875,10,14,20260205,19990527,400319804.6875,12130000.0,-273104296.875,21482997500.0,0.0,0.0,-99.99999776482582,30769695000.0,12480710000.0,12447822500.0,4037885937.5,34900.0,27449025000.0,772768984.375,19593493750.0,1200405937.5,17442517500.0,15247323750.0,3479446250.0,17652000.732421875,-327999.99237060547,-226192988.28125,-5206855937.5,2571450937.5,2905000.0,-76407001.953125,-43920000.0,-23909640000.0,0.3000000119209289,9.0,2706161879.6875,2706161879.6875,0.8,True
0,919,1403,7.75,7.78,7.85,7.88,7.73,11:29:55.356,11299226,-775,80508,3,62583796.0,49471,31037,0,35113,7.74,7.75,1220,1166,7.73,7.76,1137,242,7.72,7.77,1083,641,7.71,7.78,1087,275,7.7,7.79,1360,266,"(52,)",0,0,0,0,0.0,1403,621766718.75,26,34,20260202,19991118,621924492.1875,12270000.0,767564531.25,25305950000.0,0.0,0.0,1099.9999940395355,60239970000.0,35439652500.0,13646337500.0,3228650000.0,33513.0,9606682500.0,10547395000.0,10882738750.0,37923630000.0,23801430000.0,18886112500.0,5146471875.0,896028046.875,135212001.953125,892921953.125,-5769676250.0,2671485000.0,897111015.625,748181953.125,684582968.75,16668992500.0,6.079999923706055,9.0,4818692070.3125,4818692070.3125,1.0,True
0,926,1134,2.35,2.31,2.34,2.37,2.3,11:29:58.596,11299766,-235,340950,181,79823248.0,170747,170204,0,18191,2.34,2.35,13497,3828,2.33,2.36,5004,15969,2.32,2.37,6399,18830,2.31,2.38,4071,16485,2.3,2.39,3606,11400,"(5172,)",0,0,0,0,0.43,1134,1573209218.75,19,11,20260204,19990618,1592964843.75,20700000.0,166303398.4375,22807670000.0,0.0,0.0,-5400.000214576721,278625120000.0,216095500000.0,5337643125.0,479390000.0,41600.0,135073560000.0,8823275000.0,23553630000.0,86265110000.0,10161336875.0,8856178125.0,3268735937.5,-7508906250.0,-804685000.0,2176582031.25,628012968.75,180122040000.0,-7568706250.0,-8818567500.0,-8669931250.0,34140490000.0,5.414999961853027,9.0,3697041664.0625,3697041664.0625,1.0,True
0,929,295,9.92,9.9,9.93,9.97,9.85,11:29:54.054,11299009,-992,10884,1,10792036.0,4948,5936,0,2770,9.92,9.93,13,20,9.91,9.94,70,434,9.9,9.95,10,316,9.89,9.96,165,593,9.88,9.97,169,187,"(53,)",0,0,0,0,0.0,295,185754199.21875,4,37,20260206,19990623,185765996.09375,12150000.0,-386837890.625,1779108750.0,0.0,0.0,599.9999865889549,11185596250.0,4897960000.0,1433663906.25,481355000.0,10939.0,3318055000.0,3141725000.0,1844118906.25,4673251250.0,2194464062.5,1749570000.0,775328984.375,-178735996.09375,31282998.046875,-1338027968.75,164468984.375,1896496093.75,-221856015.625,-221826992.1875,109282998.046875,1030261015.625,2.5160000324249268,9.0,1842681656.25,1842681656.25,1.0,True
0,931,866,5.25,5.2,5.22,5.26,5.2,11:29:56.856,11299476,-525,53789,1,28172566.0,25449,28340,0,1743,5.24,5.25,2152,1310,5.23,5.26,2444,4241,5.22,5.27,1273,1544,5.21,5.28,1292,2703,5.2,5.29,2256,3701,"(116,)",0,0,0,0,0.0,866,751029531.25,7,34,20251030,19990712,753127031.25,12270000.0,516290390.625,19298437500.0,0.0,0.0,700.0000029802322,38161262500.0,17410130000.0,8555215000.0,1172412031.25,68039.0,13703623750.0,2286338125.0,15760287500.0,16378623750.0,18824625000.0,7597725000.0,10745945000.0,848296015.625,-16825999.755859375,232561015.625,429285000.0,2020700000.0,838955000.0,612535000.0,494912968.75,-7468765000.0,2.174999952316284,9.0,3942905039.0625,3942905039.0625,0.9,True
0,953,1058,7.26,7.26,7.26,7.31,7.24,11:29:55.650,11299275,-726,37796,119,27489838.0,23717,14079,0,6164,7.26,7.27,793,274,7.25,7.28,1823,364,7.24,7.29,1205,1243,7.23,7.3,2278,2535,7.22,7.31,1046,348,"(53,)",0,0,0,0,-0.13,1058,366122187.5,10,34,20251028,19991202,366122187.5,12270000.0,792887187.5,1666951250.0,0.0,0.0,199.99999552965164,2721195000.0,1116482031.25,1339192031.25,207088984.375,35836.0,908855937.5,176228007.8125,5053053125.0,1541363906.25,1294521015.625,1060985000.0,154749003.90625,85203994.140625,0.0,427245000.0,-426237031.25,344006015.625,84927001.953125,86521992.1875,79331000.9765625,-7313261250.0,0.4210000038146972,9.0,2658047081.25,2658047081.25,0.95,True
0,955,1447,5.88,5.81,5.86,5.92,5.82,11:29:56.478,11299413,-588,108587,1,63958752.0,54592,53995,0,4366,5.87,5.88,907,638,5.86,5.89,837,2813,5.85,5.9,849,2229,5.84,5.91,568,2029,5.83,5.92,681,7345,"(52,)",0,0,0,0,0.0,1447,537993007.8125,30,15,20260203,19991209,538395000.0,12170000.0,-138664697.265625,3933412187.5,0.0,0.0,0.0,8579575000.0,4523026875.0,2480725937.5,758115000.0,47466.0,987132031.25,567220000.0,4896810000.0,6483218125.0,3332598750.0,3009252812.5,727395000.0,-9419000.244140623,22616999.51171875,-238725000.0,-1395194062.5,819767968.75,-12283999.0234375,-13282000.732421877,2302000.1220703125,-3797542187.5,1.2039999961853027,9.0,3163398885.9375,3163398885.9375,0.9,True
0,965,1375,4.13,4.07,4.1,4.19,4.09,11:29:57.528,11299588,-413,226807,1,94101568.0,94191,132616,0,5150,4.13,4.14,3047,1145,4.12,4.15,2409,6988,4.11,4.16,5527,2611,4.1,4.17,3294,7725,4.09,4.18,1878,7695,"(53,)",0,0,0,0,0.0,1375,1109830937.5,9,11,20251025,20000406,1109830937.5,20700000.0,8900900.268554688,15677013750.0,0.0,0.0,599.9999865889549,154942000000.0,130833400000.0,3641360000.0,21923000.48828125,54637.0,54009020000.0,11759113750.0,23128160000.0,54939270000.0,23200435000.0,21292815000.0,1184761015.625,1080363984.375,295296992.1875,-9463388125.0,2766598125.0,105394100000.0,1083219062.5,1114171953.125,646110000.0,17783656250.0,4.949999809265137,9.0,4583601771.875,4583601771.875,0.85,True
0,972,284,3.52,3.5,3.49,3.55,3.49,11:29:57.894,11299649,-352,44112,400,15529536.0,18519,25593,0,3347,3.52,3.53,1308,30,3.51,3.54,2255,1790,3.5,3.55,6026,7757,3.49,3.56,2005,596,3.48,3.57,2037,304,"(693,)",0,0,0,0,-0.27,284,771283593.75,2,14,20260106,20000926,771283593.75,12130000.0,-435443281.25,2978200312.5,0.0,0.0,-1899.999976158142,12482815000.0,7857496875.0,4183489062.5,166370000.0,25828.0,12214111250.0,37814001.46484375,10716677500.0,-1714555000.0,3541726250.0,3787292187.5,529700976.5625,-1465180000.0,0.0,-373690000.0,-554566015.625,5460628125.0,-1483012031.25,-1509867968.75,-1440874062.5,-20506861250.0,-0.2220000028610229,9.0,2714918250.0,2714918250.0,1.0,True
0,978,1149,7.32,7.21,7.25,7.36,7.23,11:29:55.614,11299269,-732,70285,12,51305748.0,29604,40681,0,3299,7.31,7.32,193,150,7.3,7.33,102,966,7.29,7.34,245,1131,7.28,7.35,182,1593,7.27,7.36,97,1995,"(116,)",0,0,0,0,0.27,1149,468118789.0625,10,10,20260204,20000518,468130000.0,23780000.0,68030698.2421875,3421115000.0,0.0,0.0,799.9999821186066,22774475000.0,3170325000.0,9766786250.0,3141549062.5,29461.0,5511138125.0,-1791999.969482422,13288500000.0,11077627500.0,3387684062.5,2267427968.75,687981953.125,368987968.75,221211015.625,1076416015.625,1442442031.25,42857998.046875,426225000.0,334403007.8125,357676992.1875,-7813477500.0,2.365999937057495,9.0,3426629535.9375,3426629535.9375,1.0,True
0,985,834,21.37,21.43,21.65,21.81,21.21,11:29:47.184,11297864,-2137,10786,10,23039580.0,5342,5444,0,1191,21.32,21.35,19,2,21.3,21.36,24,28,21.28,21.37,51,32,21.26,21.38,2,54,21.25,21.39,55,25,"(52,)",0,0,0,0,-0.04,834,129639501.953125,1,19,20251030,20000726,129639501.953125,12260000.0,311297304.6875,15052927500.0,0.0,0.0,1000.0000149011612,7293781250.0,4414131875.0,2368573125.0,122406005.859375,12622.0,1043640000.0,0.0,2909072187.5,6149943125.0,14318850000.0,13457551250.0,0.0,175345000.0,0.0,1183071015.625,768870000.0,359526015.625,176336992.1875,132253007.8125,132253007.8125,1250174062.5,4.74399995803833,9.0,2770396156.738281,2770396156.738281,0.95,True
0,1201,746,15.09,15.04,15.12,15.17,15.03,11:29:50.952,11298492,-1509,20563,1,31074282.0,9285,11279,0,2253,15.09,15.1,42,90,15.08,15.11,131,9,15.07,15.12,262,9,15.06,15.13,112,30,15.05,15.14,105,22,"(4405,)",0,0,0,0,0.0,746,203134609.375,12,17,20251031,20210428,257784003.90625,10030000.0,-769769609.375,10658586250.0,0.0,0.0,399.9999910593033,62069500000.0,15217467500.0,39648027500.0,292557011.71875,17738.0,16126097500.0,34490000.0,27323735000.0,33970587500.0,15997973750.0,13086522500.0,59460000.0,149610996.09375,-22181000.9765625,1357055000.0,-111141005.859375,8924263125.0,131989003.90625,112746992.1875,114675000.0,3657101875.0,13.178000450134276,9.0,3065301255.46875,3065301255.46875,1.0,True
0,1205,676,16.2,16.16,16.2,16.3,16.15,11:29:50.286,11298381,-1620,19220,3,31185680.0,11788,7432,0,2284,16.19,16.2,127,58,16.18,16.21,305,123,16.17,16.22,523,131,16.16,16.23,301,145,16.15,16.24,513,71,"(52,)",0,0,0,0,0.06,676,159502304.6875,26,8,20260105,20210513,188003496.09375,16550000.0,1347378750.0,11307730000.0,0.0,0.0,3899.999856948853,45663580000.0,4999668125.0,35990905000.0,0.0,13486.0,11388382500.0,1618715937.5,10079421250.0,21196877500.0,10794996250.0,8268193750.0,1232661015.625,898346953.125,-101000.00381469728,3440285937.5,-1358525000.0,682492031.25,925208984.375,774125937.5,732625000.0,8351121875.0,11.072999954223633,9.0,2583937335.9375,2583937335.9375,1.0,True
0,1206,785,25.0,24.99,25.05,25.23,24.85,11:29:45.006,11297501,-2500,10741,21,26813684.0,5526,5215,0,2305,25.0,25.01,2,11,24.98,25.02,15,106,24.97,25.03,213,195,24.96,25.04,220,34,24.95,25.05,311,40,"(2612,)",0,0,0,0,0.08,785,106315498.046875,9,38,20260203,20210518,184893808.59375,12410000.0,1509316875.0,13156175000.0,0.0,0.0,8500.00023841858,22001647500.0,14201026250.0,5758148125.0,462308007.8125,18089.0,3117090000.0,0.0,11199457500.0,18707806250.0,13060961250.0,10433161250.0,3170041875.0,2102060937.5,148717001.953125,2635000937.5,406093984.375,1489657968.75,2096045000.0,1567010000.0,1567010000.0,4964946250.0,10.118000030517578,9.0,2657887451.171875,2657887451.171875,0.85,True
0,1211,921,29.78,29.55,29.6,29.88,29.57,11:29:42.138,11297023,-2978,9864,34,29303126.0,4634,5230,0,3374,29.74,29.79,10,13,29.73,29.8,6,8,29.72,29.83,6,5,29.7,29.84,16,20,29.67,29.85,10,80,"(52,)",0,0,0,0,0.24,921,66996601.5625,28,4,20251216,20210805,72000000.0,12200000.0,141532597.65625,9277658750.0,0.0,0.0,1099.9999940395355,18562936250.0,7944556875.0,7429750000.0,1437019062.5,8642.0,8079253125.0,98282998.046875,4871682812.5,8642990625.0,10832132500.0,7268290000.0,2425667968.75,48005000.0,966999.969482422,260962011.71875,-988500000.0,3371823750.0,36031000.9765625,82667001.953125,84384003.90625,2999466875.0,12.003999710083008,9.0,1995158794.53125,1995158794.53125,0.95,True
0,1215,1485,43.61,43.41,44.68,45.47,43.08,11:29:33.840,11295640,-4361,38732,1,171404768.0,21847,16885,0,23770,43.61,43.62,5,2,43.6,43.64,25,1,43.59,43.65,2,5,43.58,43.68,30,2,43.54,43.69,343,1,"(53,)",0,0,0,0,-0.2,1485,96782900.390625,13,14,20251204,20210906,97160400.390625,12140000.0,815546484.375,13639276250.0,0.0,0.0,5500.00011920929,24311662500.0,9039350625.0,12461915000.0,714583984.375,9555.0,4515914062.5,-6877999.877929688,10840611250.0,18674268750.0,13776112500.0,10644610000.0,1240398046.875,679165000.0,-709000.0152587891,1113349062.5,-611973007.8125,2810209062.5,663402968.75,534895000.0,537753984.375,6451086875.0,19.21999931335449,9.0,4220702286.035156,4220702286.035156,0.85,True
0,1216,1309,18.78,18.54,18.67,18.85,18.4,11:29:48.738,11298123,-1878,43099,1,80268952.0,23607,19492,0,17979,18.77,18.78,8,200,18.76,18.79,214,180,18.75,18.8,10,404,18.74,18.81,116,135,18.72,18.82,40,261,"(52,)",0,0,0,0,0.32,1309,246023906.25,21,4,20251027,20211019,251866699.21875,12300000.0,1685051718.75,9824150625.0,0.0,0.0,7500.0,21909947500.0,11746085000.0,5517945000.0,1043637031.25,16295.0,2731633125.0,92805000.0,5565220000.0,18083686250.0,11329422500.0,7523440000.0,1340437031.25,2155400937.5,97610000.0,2897410937.5,3347746250.0,1605111093.75,2134842968.75,1871238125.0,1890173125.0,9069475000.0,7.179999828338623,9.0,4620328959.375,4620328959.375,0.85,True
0,1217,1122,12.98,12.79,12.8,13.11,12.72,11:29:52.218,11298703,-1298,47554,11,61608160.0,21823,25732,0,49344,12.98,12.99,4,51,12.97,13.0,233,161,12.96,13.01,164,110,12.95,13.02,282,234,12.94,13.03,386,19,"(3317,)",0,0,0,0,-0.07,1122,328583007.8125,24,19,20251027,20210929,331870000.0,12260000.0,802719531.25,12071511250.0,0.0,0.0,700.0000029802322,34730335000.0,9857815000.0,22075535000.0,824857031.25,21798.0,11308501250.0,0.0,8486531875.0,22485725000.0,15219118750.0,14109537500.0,438800000.0,302638984.375,31771999.51171875,1126205000.0,-549755000.0,1823325937.5,355363984.375,219831015.625,219831015.625,9013275000.0,6.775000095367432,9.0,4265007441.40625,4265007441.40625,0.95,True
0,1218,1239,25.95,25.8,26.13,26.29,25.48,11:29:44.436,11297406,-2595,16124,5,41582584.0,8291,7834,0,1986,25.94,25.97,4,9,25.93,25.98,5,54,25.92,25.99,5,8,25.91,26.01,4,2,25.9,26.05,27,20,"(3892,)",0,0,0,0,0.0,1239,92907197.265625,21,19,20260203,20211015,130178300.78125,12260000.0,759048593.75,25759925000.0,0.0,0.0,7699.999809265137,30768880000.0,17585676250.0,7952078125.0,1596205937.5,12436.0,7096852500.0,0.0,13183043750.0,22747452500.0,34798312500.0,31309975000.0,4930678750.0,1034671015.625,23120000.0,2282996093.75,-1381125937.5,4084565000.0,1037287031.25,1005037968.75,1005037968.75,7683731875.0,17.474000930786133,9.0,2410941769.0429688,2410941769.0429688,0.95,True
0,1219,977,14.97,14.94,15.1,15.1,14.87,11:29:51.024,11298504,-1497,20718,20,30990242.0,11735,8983,0,11763,14.95,14.97,102,6,14.94,14.98,80,27,14.93,14.99,838,65,14.92,15.0,16,83,14.91,15.01,34,21,"(2036,)",0,0,0,0,0.07,977,190122109.375,15,14,20251218,20211021,194983808.59375,12140000.0,866002812.5,3952648437.5,0.0,0.0,4799.999892711639,12862685000.0,9172463125.0,298750996.09375,138287998.046875,15060.0,2215989062.5,15780000.0,2629677812.5,10618410000.0,4234198125.0,2555420000.0,195153007.8125,1247632031.25,94852001.953125,1271298046.875,132181005.859375,229278007.8125,1237141015.625,928770000.0,927690000.0,5402407500.0,5.446000099182129,9.0,2846127977.34375,2846127977.34375,0.95,True
0,1222,647,22.43,22.32,22.55,22.55,22.22,11:29:46.548,11297758,-2243,6504,14,14544495.0,3765,2740,0,1511,22.43,22.44,10,6,22.42,22.45,24,32,22.41,22.46,10,29,22.4,22.47,51,1,22.39,22.48,15,4,"(5173,)",0,0,0,0,0.04,647,107409902.34375,28,50,20251030,20220818,190890000.0,12410000.0,1197396171.875,9307911250.0,0.0,0.0,6899.999976158142,18355050000.0,12269980000.0,4021885000.0,329321015.625,13616.0,2198059062.5,1837421093.75,4998876250.0,14245690000.0,12812965000.0,9867857500.0,3321832812.5,1693015000.0,8905000.0,165456015.625,-496581992.1875,3096636875.0,1685435000.0,1578659062.5,1302151953.125,6928080000.0,7.4629998207092285,9.0,2409204109.5703125,2409204109.5703125,1.0,True
0,1229,934,38.22,37.41,38.0,38.26,37.76,11:29:37.074,11296179,-3822,7654,1,29120126.0,2885,4769,1,6612,38.21,38.23,2,2,38.19,38.24,5,25,38.18,38.25,18,16,38.16,38.26,2,20,38.14,38.29,14,10,"(52,)",0,0,0,0,-0.02,934,52679399.4140625,12,24,20251210,20220808,102451503.90625,12390000.0,521330898.4375,1173959296.875,0.0,0.0,4000.000059604645,10432030000.0,5996390000.0,1243937968.75,1390805000.0,12887.0,678675937.5,2162999.8779296875,5759066250.0,9729543125.0,1322040000.0,474270000.0,631331015.625,480124023.4375,24800000.0,870094062.5,464371015.625,282146992.1875,476593007.8125,401884023.4375,401953984.375,2595142031.25,9.729000091552734,9.0,2013406645.6054688,2013406645.6054688,0.9,True
0,1230,2022,26.43,24.7,25.16,26.74,25.01,11:29:44.148,11297358,-2643,79214,2,207873104.0,33477,45737,0,13410,26.43,26.49,3,9,26.42,26.5,78,24,26.41,26.51,45,21,26.4,26.52,76,10,26.39,26.53,24,19,"(1461,)",0,0,0,0,-0.25,2022,78557299.8046875,24,39,20260120,20220715,134226103.515625,23780000.0,1141967812.5,11472108750.0,0.0,0.0,9399.999976158142,32887570000.0,21295415000.0,3220869062.5,5700095000.0,13338.0,6634843125.0,1020432968.75,11436615000.0,19314062500.0,11762560000.0,8548756250.0,12213511250.0,1636337968.75,124412998.046875,476800976.5625,1908670000.0,821340000.0,1597432968.75,1426245937.5,1248803046.875,6367376250.0,14.388999938964844,9.0,2076269433.8378904,2076269433.8378904,0.85,True
0,1234,520,27.92,27.98,28.1,28.19,27.77,11:29:43.254,11297209,-2792,5233,1,14615730.0,2977,2257,0,1096,27.91,27.92,18,1,27.89,27.93,20,7,27.88,27.94,15,24,27.87,27.95,58,1,27.85,27.98,57,8,"(5813,)",0,0,0,0,0.11,520,91520498.046875,26,41,20251027,20220111,109413701.171875,12180000.0,650215781.25,6651598750.0,0.0,0.0,3199.9999284744263,11591827500.0,7478561875.0,3066355000.0,258588984.375,18999.0,2418536875.0,0.0,5735357500.0,9130971875.0,6237980000.0,5179585937.5,2238290000.0,377510000.0,35661999.51171875,252003007.8125,-731165000.0,1445854062.5,374088984.375,345435000.0,345435000.0,2115535000.0,8.345000267028809,9.0,2555252305.46875,2555252305.46875,0.9,True
0,1239,1102,16.92,16.75,16.8,16.98,16.8,11:29:49.854,11298309,-1692,18819,31,31838068.0,8435,10384,0,2587,16.91,16.92,40,40,16.9,16.93,222,22,16.89,16.94,29,167,16.88,16.95,120,363,16.87,16.96,42,597,"(1333,)",0,0,0,0,-0.05,1102,114000000.0,21,26,20260106,20231212,240000000.0,12330000.0,451594687.5,4276168437.5,0.0,0.0,3000.0001192092896,41345352500.0,31630185000.0,6489200000.0,1387754062.5,17977.0,12345295000.0,6756435000.0,7794892500.0,13781467500.0,15259387500.0,13019432500.0,8544400625.0,1479885000.0,46947001.953125,44796000.9765625,103350000.0,9106222500.0,1480117968.75,1299587031.25,719518984.375,3295787812.5,5.742000102996826,9.0,1928880000.0,1928880000.0,0.95,True
0,1256,895,22.4,22.21,22.34,22.49,22.11,11:29:46.566,11297761,-2240,9668,2,21594036.0,4047,5621,0,626,22.38,22.39,13,4,22.37,22.4,1,8,22.35,22.41,4,7,22.34,22.42,5,16,22.33,22.43,5,7,"(52,)",0,0,0,0,-0.03,895,106912597.65625,28,26,20251230,20221205,142612597.65625,12350000.0,801469062.5,3821193125.0,0.0,0.0,5699.999928474426,15851830000.0,8290665625.0,2580215000.0,446477968.75,9526.0,3644715937.5,0.0,6984185000.0,12086705000.0,4095555937.5,2719830000.0,132250000.0,933717968.75,150687001.953125,650085000.0,-283720000.0,2062626875.0,933448046.875,811181953.125,811181953.125,3332685000.0,8.475000381469727,9.0,2394842187.5,2394842187.5,1.0,True
0,1259,905,34.48,34.12,34.34,34.97,33.83,11:29:39.318,11296553,-3448,7797,9,26724892.0,3705,4092,0,2266,34.42,34.43,3,1,34.39,34.44,2,5,34.36,34.51,1,7,34.33,34.52,10,19,34.32,34.53,2,3,"(53,)",0,0,0,0,0.23,905,47544501.953125,7,23,20251211,20220831,73588901.3671875,12380000.0,100983701.171875,2623686250.0,0.0,0.0,599.9999865889549,8388121875.0,4002323750.0,232149003.90625,563276992.1875,6584.0,1009308984.375,45142998.046875,3985730000.0,7142430000.0,2869056875.0,2082714062.5,559448007.8125,-7397000.122070312,0.0,140153007.8125,-1526920937.5,800687031.25,-8194000.244140625,33755000.0,41639003.90625,2414732968.75,9.706000328063965,9.0,1639334427.3437498,1639334427.3437498,0.8,True
0,1269,1554,25.81,24.6,24.89,25.98,24.67,11:29:44.520,11297420,-2581,47065,5,120386768.0,19405,27661,0,1668,25.81,25.82,48,51,25.79,25.83,14,26,25.78,25.84,449,80,25.72,25.85,324,69,25.71,25.86,57,77,"(3381,)",0,0,0,0,0.47,1554,192411601.5625,32,21,20260105,20220930,192411601.5625,12420000.0,-2234690312.5,8078560000.0,0.0,0.0,-4499.99988079071,20770776250.0,14899343750.0,3812542187.5,136212998.046875,24054.0,6427778125.0,0.0,3682268125.0,9752056875.0,3525548125.0,3530660937.5,3041410000.0,-921848046.875,67133002.9296875,-271630000.0,288570996.09375,1548625937.5,-978080937.5,-871787031.25,-871787031.25,2279990000.0,4.539999961853027,9.0,4966143436.328125,4966143436.328125,1.0,True
0,1277,780,41.72,41.64,42.09,42.12,41.65,11:29:34.974,11295829,-4172,6098,1,25506752.0,3388,2710,0,3241,41.71,41.73,5,4,41.7,41.74,68,38,41.69,41.75,11,3,41.68,41.76,32,2,41.67,41.8,19,61,"(54,)",0,0,0,0,0.07,780,45382797.8515625,13,26,20260203,20240903,76000000.0,12430000.0,1122630781.25,8466572500.0,0.0,0.0,9900.000095367432,20758431250.0,15738136250.0,3510710937.5,545887968.75,10846.0,4584328125.0,253170996.09375,6351371250.0,15466526250.0,7237140625.0,5614980000.0,5989446250.0,961887968.75,594000.0152587891,-25336000.9765625,151880000.0,3118736875.0,962613984.375,799787031.25,753385000.0,7804792500.0,20.35099983215332,9.0,1893370326.3671875,1893370326.3671875,0.8,True
0,1279,541,34.94,34.93,34.99,35.25,34.94,11:29:39.042,11296507,-3494,5478,1,19230972.0,3193,2285,0,665,34.95,34.96,1,30,34.94,34.97,15,162,34.93,34.98,19,7,34.92,35.0,27,67,34.91,35.01,26,3,"(53,)",0,0,0,0,-0.08,541,40000000.0,24,46,20251117,20241011,160000000.0,12230000.0,695181562.5,11172548750.0,0.0,0.0,2800.000011920929,16595897500.0,13280020000.0,1073801953.125,123543994.140625,17938.0,6392563125.0,-1630000.0,4915135937.5,10079125000.0,10711821250.0,9648822500.0,2487977968.75,488273007.8125,57100000.0,3593193125.0,2202525000.0,1559287031.25,486410976.5625,453977968.75,455608984.375,3233600000.0,6.298999786376953,9.0,1397600000.0,1397600000.0,1.0,True
0,1282,704,20.9,20.76,20.87,21.01,20.82,11:29:47.466,11297911,-2090,9377,1,19586652.0,5335,4043,0,1544,20.9,20.91,120,90,20.89,20.92,88,170,20.88,20.93,104,539,20.87,20.94,12,14,20.86,20.95,81,10,"(5557,)",0,0,0,0,-0.04,704,78164799.8046875,24,7,20260202,20230524,222185605.46875,12360000.0,1030289062.5,11143020000.0,0.0,0.0,4099.999964237213,26220322500.0,11230065000.0,9441122500.0,873878046.875,18994.0,9288161250.0,0.0,7694938125.0,16196151250.0,11972725000.0,9743000000.0,4436803750.0,948667031.25,16410000.0,188161992.1875,-36410000.0,4118182812.5,941028046.875,914774062.5,914774062.5,5725388125.0,7.289999961853027,9.0,1633644315.9179688,1633644315.9179688,0.7,True
0,1299,871,13.3,13.3,13.31,13.38,13.24,11:29:52.026,11298671,-1330,24588,15,32698648.0,14084,10505,0,7174,13.31,13.33,28,67,13.3,13.34,37,91,13.29,13.35,1,193,13.28,13.36,104,171,13.27,13.37,172,75,"(3253,)",0,0,0,0,0.15,871,218400898.4375,8,42,20260204,20221031,242638593.75,13450000.0,545945000.0,4389460000.0,0.0,0.0,2700.0001072883606,15886770000.0,8480475000.0,4532040937.5,345698007.8125,17016.0,3960998125.0,0.0,4531080000.0,11816022500.0,5148103125.0,4134128125.0,219299003.90625,794537031.25,83275000.0,110331992.1875,-1711271093.75,144650996.09375,796512031.25,659825937.5,662687031.25,4737032812.5,4.869999885559082,9.0,2904731949.21875,2904731949.21875,0.75,True
0,1300,703,17.24,17.05,17.28,17.36,16.93,11:29:49.662,11298277,-1724,16754,1,28825102.0,7241,9513,0,432,17.24,17.26,10,101,17.23,17.27,147,15,17.22,17.28,2,84,17.21,17.29,12,14,17.2,17.3,2,561,"(52,)",0,0,0,0,0.06,703,243775898.4375,15,50,20251028,20221019,243775898.4375,12240000.0,206806191.40625,3998444062.5,0.0,0.0,-199.99999552965164,12715986250.0,10105921875.0,1204460000.0,413816015.625,14065.0,1975836875.0,51178999.0234375,6151268125.0,10360850000.0,3509369062.5,2860525000.0,857860000.0,-104112001.953125,83971992.1875,-134275996.09375,238155000.0,1255792031.25,-110012998.046875,-55608002.9296875,-46001000.9765625,1604180937.5,4.25,9.0,4202696489.0625,4202696489.0625,1.0,True
0,1318,832,15.26,15.25,15.25,15.31,15.14,11:29:50.850,11298475,-1526,21841,5,33274530.0,11432,10409,0,14899,15.25,15.27,357,351,15.24,15.28,553,1091,15.23,15.29,396,237,15.22,15.3,137,181,15.21,15.31,255,89,"(437,)",0,0,0,0,0.0,832,282660000.0,22,14,20260203,20220520,282660000.0,12140000.0,854819531.25,3854899687.5,0.0,0.0,3100.000023841858,15267862500.0,12520722500.0,2107132031.25,210625000.0,24539.0,706271015.625,69910000.0,5619536250.0,14419426250.0,3561026875.0,2139425937.5,320542988.28125,926257031.25,0.0,968978046.875,835778984.375,354331992.1875,902485000.0,861446015.625,873971953.125,4704214062.5,5.10099983215332,9.0,4313391600.0,4313391600.0,1.0,True
0,1324,858,19.61,19.48,19.6,19.67,19.45,11:29:48.240,11298040,-1961,13480,9,26384740.0,5468,8012,0,1372,19.58,19.61,6,141,19.57,19.62,67,272,19.56,19.63,18,66,19.55,19.64,87,40,19.54,19.65,2,161,"(692,)",0,0,0,0,0.26,858,81653598.6328125,26,8,20260203,20230522,138000000.0,12370000.0,487124804.6875,3295152812.5,0.0,0.0,2700.0001072883606,13724873750.0,10454465000.0,1228967968.75,237400996.09375,14391.0,2287682031.25,83099003.90625,6762825000.0,11337186250.0,3355478125.0,2337663125.0,3727948125.0,416939023.4375,7735999.755859375,91662998.046875,-342336015.625,1687945000.0,408626992.1875,379278007.8125,366735000.0,2961165000.0,8.21500015258789,9.0,1601227069.1894531,1601227069.1894531,0.95,True
0,1328,943,42.43,43.35,43.31,43.33,42.32,11:29:34.548,11295758,-4243,10345,10,44029732.0,6438,3907,0,3638,42.42,42.43,32,17,42.41,42.45,14,1,42.4,42.52,70,1,42.38,42.55,29,1,42.37,42.6,14,17,"(52,)",0,0,0,0,0.02,943,46031201.171875,25,19,20260205,20230410,172173808.59375,12260000.0,1179377265.625,10529210000.0,0.0,0.0,7900.000214576721,19855512500.0,14094235000.0,1725075000.0,201690996.09375,10577.0,4742505000.0,0.0,9969761250.0,14612235000.0,12282890000.0,6080300000.0,327649003.90625,1509865937.5,175585000.0,1768436875.0,-2687472187.5,1836335000.0,1539380000.0,1358804062.5,1358804062.5,2085965937.5,8.487000465393066,9.0,1953103865.722656,1953103865.722656,0.7,True
0,1332,826,56.52,56.02,56.9,57.07,55.35,11:29:26.094,11294349,-5652,7227,11,40594384.0,4216,3012,0,1195,56.51,56.58,13,2,56.5,56.6,21,12,56.48,56.62,23,10,56.46,56.63,10,10,56.4,56.64,6,16,"(6196,)",0,0,0,0,-0.2,826,48003500.9765625,26,26,20260203,20220920,110490000.0,12330000.0,2077995625.0,11719417500.0,0.0,0.0,18099.99942779541,35235130000.0,27960422500.0,4869971250.0,1053478984.375,10007.0,9428709375.0,0.0,13514081250.0,25558005000.0,9635524375.0,6146503750.0,4745625000.0,2394890000.0,90371005.859375,876180000.0,1047896953.125,6373280000.0,2389967968.75,1996335000.0,1996335000.0,10258288125.0,23.131999969482425,9.0,2713157875.1953125,2713157875.1953125,0.9,True
0,1356,980,12.66,12.66,12.79,12.79,12.65,11:29:52.410,11298735,-1266,17183,15,21809450.0,9293,7890,0,5666,12.66,12.67,984,279,12.65,12.68,690,279,12.64,12.69,200,352,12.63,12.7,390,370,12.62,12.71,578,243,"(2805,)",0,0,0,0,-0.07,980,200646796.875,28,47,20260122,20250123,589320000.0,12290000.0,1640456562.5,17064597500.0,0.0,0.0,1400.0000059604645,24999640000.0,11937850000.0,7170063125.0,1847392031.25,35680.0,3564812812.5,-31100000.0,6374466250.0,20412442500.0,15093320000.0,12301300000.0,2517477968.75,909313984.375,17933000.48828125,40721999.51171875,1245037031.25,4967585937.5,908566015.625,769533984.375,776907968.75,7499988125.0,3.46399998664856,9.0,2540188448.4375,2540188448.4375,0.95,True
0,1358,452,29.11,28.7,28.85,29.18,28.56,11:29:42.540,11297090,-2911,5268,1,15244830.0,2366,2902,0,635,29.05,29.11,6,26,29.04,29.12,2,9,29.03,29.13,1,5,29.02,29.14,16,11,28.99,29.15,85,13,"(2612,)",0,0,0,0,0.14,452,50976298.828125,28,19,20260202,20231221,123200000.0,12260000.0,622118593.75,3318100000.0,0.0,0.0,3700.000047683716,15780298750.0,10944377500.0,3845865000.0,204034003.90625,8193.0,1406729062.5,3266999.8168945312,8328061250.0,14309850000.0,3559305937.5,2565435000.0,514396015.625,492750000.0,75785000.0,307718984.375,-4305421875.0,1152350937.5,484846015.625,419614023.4375,446812968.75,4497673750.0,11.614999771118164,9.0,1483920058.8867188,1483920058.8867188,0.7,True
0,1367,834,24.45,24.17,24.36,24.54,24.29,11:29:45.336,11297556,-2445,8330,5,20338048.0,3844,4487,0,1705,24.44,24.45,1,2,24.43,24.46,2,106,24.41,24.47,94,134,24.4,24.48,53,310,24.39,24.49,38,191,"(5237,)",0,0,0,0,0.0,834,39697700.1953125,28,34,20260203,20230410,152351201.171875,12270000.0,869501406.25,3200445937.5,0.0,0.0,5899.999737739563,15685162500.0,12249922500.0,1838772031.25,1175885000.0,10000.0,1188442968.75,0.0,7311306875.0,14321690000.0,3588671250.0,1952832031.25,607245000.0,1021926953.125,26610000.0,1072042031.25,-5328358750.0,1256930000.0,1023665000.0,882096015.625,882096015.625,5219732812.5,9.427000045776367,9.0,970608769.7753906,970608769.7753906,0.8,True
0,1378,749,25.02,24.95,25.09,25.15,24.97,11:29:44.994,11297499,-2502,8042,20,20126160.0,4458,3585,0,3262,25.0,25.03,22,3,24.99,25.04,34,33,24.98,25.05,67,18,24.97,25.06,40,26,24.95,25.07,6,14,"(5748,)",0,0,0,0,0.08,749,65759199.21875,12,47,20260202,20231030,133333603.515625,12290000.0,723584531.25,11329081250.0,0.0,0.0,4499.99988079071,23389880000.0,8922306875.0,6531213125.0,2132550937.5,13080.0,3747318125.0,0.0,9237653125.0,18834840000.0,11052685000.0,9578631250.0,540405000.0,657112968.75,118524003.90625,1513557031.25,-2866645000.0,1316487031.25,655757968.75,594958984.375,594958984.375,7908731250.0,14.12600040435791,9.0,1645295164.453125,1645295164.453125,0.95,True
0,1380,702,23.37,23.29,23.58,23.58,23.34,11:29:45.984,11297664,-2337,9754,3,22826434.0,5546,4209,0,3678,23.37,23.39,48,2,23.36,23.4,10,45,23.35,23.41,52,3,23.34,23.42,20,31,23.33,23.43,38,58,"(5109,)",0,0,0,0,-0.12,702,88003896.484375,28,7,20260203,20230516,270854199.21875,12340000.0,1534913437.5,12341437500.0,0.0,0.0,7599.999904632568,28074360000.0,20575237500.0,4775823750.0,1504587968.75,19332.0,8752443125.0,447291015.625,7593488125.0,18544472500.0,14118281250.0,10141511250.0,7195781250.0,2316620000.0,32320998.53515625,1788284062.5,1061225937.5,2946241875.0,2347625000.0,2093295000.0,2045561875.0,7367343125.0,6.8470001220703125,9.0,2056651060.839844,2056651060.839844,0.8,True
0,1387,769,15.05,14.98,15.12,15.15,14.96,11:29:50.976,11298496,-1505,14452,2,21715756.0,7922,6530,0,1603,15.04,15.05,139,70,15.03,15.06,66,146,15.02,15.07,45,129,15.01,15.08,59,170,15.0,15.09,48,86,"(52,)",0,0,0,0,0.07,769,113910302.734375,24,23,20251119,20240111,183030390.625,12380000.0,545692500.0,14047751250.0,0.0,0.0,2599.9999046325684,24275840000.0,18188437500.0,5191893125.0,420693984.375,14210.0,10891322500.0,428197031.25,7709100000.0,12507102500.0,14120536250.0,12446820000.0,4716334062.5,479941992.1875,20297999.267578125,1726617031.25,-1121336015.625,2054492968.75,482030000.0,471908984.375,463962031.25,2948624062.5,6.833000183105469,9.0,1714350056.1523438,1714350056.1523438,0.85,True
0,1395,501,44.09,43.87,44.11,44.5,44.0,11:29:33.552,11295592,-4409,4416,2,19507608.0,2496,1921,0,221,44.09,44.12,14,7,44.08,44.13,17,40,44.07,44.15,36,24,44.06,44.2,12,23,44.05,44.21,12,16,"(5173,)",0,0,0,0,-0.13,501,46890000.0,3,26,20260202,20250127,87240000.0,12350000.0,1257572968.75,6175411250.0,0.0,0.0,16399.999856948853,21395622500.0,13120617500.0,2450235937.5,856660000.0,9736.0,9622943125.0,0.0,4220055000.0,11499713750.0,5392798125.0,3274943125.0,375753984.375,1555505000.0,124541005.859375,-270948007.8125,-1146528984.375,6399307500.0,1606411093.75,1393490937.5,1393490937.5,5786136250.0,13.720000267028809,9.0,2067380100.0,2067380100.0,0.95,True
0,2022,990,6.3,6.22,6.24,6.32,6.24,11:29:56.226,11299371,-630,59993,50,37693820.0,24993,35001,1,3744,6.29,6.3,1263,1070,6.28,6.31,1191,1700,6.27,6.32,613,1060,6.26,6.33,826,1010,6.25,6.34,1082,1784,"(5172,)",0,0,0,0,0.0,990,514252109.375,16,9,20260105,20040721,514349609.375,12270000.0,-1221406562.5,13502236250.0,0.0,0.0,-4499.99988079071,51702070000.0,27165222500.0,8215585000.0,3762301875.0,48108.0,12305007500.0,6030171875.0,2289150937.5,31437390000.0,11912605000.0,7646461250.0,7454572500.0,-2507325937.5,10560999.755859377,-240968984.375,80141997.0703125,8324186250.0,-2517536875.0,-2538199062.5,-2325326875.0,22099525000.0,6.027999877929688,9.0,3239788289.0625,3239788289.0625,0.8,True
0,2035,1177,6.27,6.23,6.26,6.3,6.23,11:29:56.244,11299374,-627,58913,8,36918452.0,23231,35682,0,4069,6.26,6.27,703,7376,6.25,6.28,2081,2524,6.24,6.29,1594,1410,6.23,6.3,2098,2981,6.22,6.31,2247,1225,"(52,)",0,0,0,0,0.0,1177,780017968.75,12,23,20260203,20040901,847653593.75,12380000.0,4037911250.0,45755815000.0,0.0,0.0,4300.000071525574,69929010000.0,47161940000.0,14115885000.0,3069165000.0,36734.0,29685375000.0,437387031.25,225320996.09375,38859060000.0,41576452500.0,23576952500.0,7159831250.0,4049076250.0,209817988.28125,2995363125.0,-5316453125.0,7180834375.0,4068680000.0,3549930000.0,3557596250.0,27923850000.0,4.584000110626221,9.0,4890712664.0625,4890712664.0625,1.0,True
0,2037,866,9.13,9.09,9.2,9.23,9.12,11:29:54.528,11299088,-913,39411,17,36187796.0,21620,17791,0,3984,9.12,9.13,649,41,9.11,9.14,310,78,9.1,9.15,138,427,9.09,9.16,112,177,9.08,9.17,1490,30,"(1204,)",0,0,0,0,0.0,866,483883593.75,29,19,20251030,20040908,483883593.75,12260000.0,-580476601.5625,42175245000.0,0.0,0.0,-2099.9999344348907,168552160000.0,95063340000.0,18801981250.0,16909273750.0,40773.0,101656090000.0,9304288125.0,13468685000.0,18772990000.0,46043490000.0,38170227500.0,57147290000.0,-816847031.25,24736000.9765625,-593005000.0,-1528819062.5,3505860000.0,-857217031.25,-1155787968.75,-992367968.75,-1924490937.5,3.880000114440918,9.0,4417857210.9375,4417857210.9375,1.0,True
0,2040,1245,10.28,10.26,10.35,10.37,10.25,11:29:53.838,11298973,-1028,51792,12,53402864.0,28605,23187,0,20245,10.27,10.28,548,44,10.26,10.29,843,284,10.25,10.3,590,380,10.24,10.31,71,396,10.23,10.32,100,540,"(1972,)",0,0,0,0,0.1,1245,486075390.625,26,8,20260129,20050325,487946992.1875,16550000.0,1242685312.5,7271116250.0,0.0,0.0,2899.9999165534973,53823470000.0,9307088125.0,27198545000.0,11010727500.0,42017.0,7173490000.0,6556325000.0,15895862500.0,33781687500.0,7722836250.0,4116826875.0,1492423125.0,2310960937.5,94657998.046875,2315875000.0,2569461875.0,51839003.90625,2313522031.25,1748885000.0,1407355000.0,11590540000.0,6.922999858856201,9.0,4996855015.625,4996855015.625,0.7,True
0,2058,507,23.39,22.88,23.29,23.66,22.78,11:29:45.972,11297662,-2339,11392,4,26541564.0,4522,6870,0,1141,23.39,23.46,27,1,23.38,23.47,42,14,23.36,23.49,57,10,23.31,23.5,10,63,23.3,23.51,37,6,"(53,)",0,0,0,0,0.13,507,143117802.734375,16,51,20251215,20060802,143448300.78125,12400000.0,-12856300.048828123,5523166250.0,0.0,0.0,13600.000143051147,12498501250.0,7785956875.0,3525435000.0,318025996.09375,7708.0,7027438125.0,2671255937.5,2128000.030517578,400113984.375,5878861250.0,4389735000.0,3621335000.0,2760383125.0,2220436875.0,154160996.09375,-197173007.8125,1984682031.25,2764184062.5,2318413125.0,1953445000.0,-1036496953.125,0.2790000140666961,9.0,3347525405.9570312,3347525405.9570312,1.0,True
0,2066,967,19.54,19.69,20.08,20.18,19.3,11:29:48.282,11298047,-1954,31185,4,61266648.0,17805,13380,0,8855,19.51,19.54,20,9,19.5,19.55,35,10,19.49,19.56,45,44,19.48,19.6,267,17,19.47,19.62,33,13,"(52,)",0,0,0,0,0.21,967,231000000.0,7,21,20251031,20060823,234906992.1875,12300000.0,409949414.0625,33476022500.0,0.0,0.0,99.99999776482582,49171460000.0,35041212500.0,9511680000.0,2641066875.0,19034.0,29860395000.0,7714500625.0,2133824062.5,7065560000.0,28436560000.0,24596867500.0,11330557500.0,579715000.0,13315000.0,-1286425000.0,-1062933984.375,11299161250.0,504422031.25,333631015.625,20966999.51171875,2234898125.0,3.007999897003174,9.0,4513740000.0,4513740000.0,1.0,True
0,2069,1373,4.11,4.02,4.05,4.11,4.03,11:29:57.540,11299590,-411,137020,23,55910520.0,57739,79281,0,3965,4.11,4.12,47,2695,4.1,4.13,577,1103,4.09,4.14,3145,864,4.08,4.15,954,4713,4.07,4.16,3340,476,"(2037,)",0,0,0,0,0.24,1373,710216171.875,5,17,20251030,20060928,711112187.5,10040000.0,-247521093.75,11664550000.0,0.0,0.0,-500.0000074505806,21943427500.0,15294717500.0,3865478125.0,655974062.5,30309.0,18580362500.0,353298007.8125,10231306875.0,181215000.0,10831532500.0,9226835000.0,1424813906.25,-100080000.0,16890000.0,637497031.25,-385863984.375,7091686250.0,-236721992.1875,-400655000.0,-323734003.90625,-19523067500.0,0.025000000372529,9.0,2918988466.40625,2918988466.40625,0.95,True
0,2072,2105,7.75,8.4,8.09,8.19,7.73,11:29:55.356,11299226,-775,260233,4,204907296.0,160667,99567,0,67527,7.74,7.76,257,76,7.73,7.77,1584,154,7.72,7.78,1208,106,7.71,7.79,876,24,7.7,7.81,1488,28,"(4725,)",0,0,0,0,-0.12,2105,367531796.875,19,13,20251031,20061018,367680000.0,15510000.0,-25330900.87890625,5017759375.0,0.0,0.0,-599.9999865889549,991610000.0,952165000.0,6691999.51171875,0.0,11274.0,681656015.625,0.0,6554556875.0,303029003.90625,3824365000.0,3828915000.0,225006015.625,-131456992.1875,0.0,-10739000.244140623,389713984.375,146727001.953125,-212025000.0,-211275996.09375,-211275996.09375,-8123565625.0,0.0820000022649765,9.0,2848371425.78125,2848371425.78125,0.9,True
0,2076,436,2.23,2.21,2.23,2.25,2.21,11:29:58.668,11299778,-223,119247,5,26570952.0,60491,58756,0,24051,2.22,2.23,12233,3800,2.21,2.24,11717,26070,2.2,2.25,6154,21228,2.19,2.26,4803,9754,2.18,2.27,5905,14139,"(52,)",0,0,0,0,0.45,436,1042274218.75,12,23,20260126,20061025,1109124531.25,12380000.0,-20490500.48828125,1239750937.5,0.0,0.0,0.0,6461985000.0,3807378125.0,534500976.5625,74578999.0234375,40000.0,2992685937.5,-679331953.125,4985598750.0,3151325000.0,1686542031.25,1143862968.75,694725937.5,-70039003.90625,49242998.046875,-243131015.625,-527531992.1875,1434190000.0,9908000.48828125,8873999.633789062,32025000.0,-14115562500.0,0.2840000092983246,9.0,2324271507.8125,2324271507.8125,0.9,True
0,2084,1353,4.27,4.22,4.25,4.29,4.23,11:29:57.444,11299574,-427,120456,10,51338540.0,56507,63950,0,6280,4.26,4.27,604,157,4.25,4.28,1163,2912,4.24,4.29,1567,3719,4.23,4.3,1011,4348,4.22,4.31,2594,676,"(6260,)",0,0,0,0,0.23,1353,644634492.1875,12,4,20251030,20061124,646056093.75,12330000.0,-45287099.609375,21551810000.0,0.0,0.0,-1000.0000149011612,32782912500.0,20828006250.0,7950836250.0,1229125000.0,31018.0,14875435000.0,1043900000.0,3728715000.0,13924992500.0,20396330000.0,17725501250.0,6126669375.0,-640646015.625,11770999.755859377,1458423125.0,1249778046.875,6852281250.0,-648325976.5625,-697062968.75,-622643007.8125,3502530000.0,2.1549999713897705,9.0,2752589281.6406245,2752589281.6406245,0.9,True
0,2086,1024,2.31,2.28,2.29,2.32,2.29,11:29:58.620,11299770,-231,240862,18,55527860.0,113405,127457,0,4470,2.3,2.31,24507,19501,2.29,2.32,22806,47541,2.28,2.33,13897,20944,2.27,2.34,10456,11618,2.26,2.35,12236,18786,"(180,)",0,0,0,0,0.0,1024,1581286093.75,15,17,20251031,20061128,1958946562.5,10040000.0,-696073906.25,2479113906.25,0.0,0.0,-500.0000074505806,16593181250.0,6250471875.0,8242555000.0,664080000.0,72503.0,1610395937.5,91228994.140625,19941255000.0,13260235000.0,2459684062.5,2451165000.0,796468046.875,-1040585000.0,810000.0,-1073542031.25,-582102968.75,2565857968.75,-1063025937.5,-1063144062.5,-1054030000.0,-26342560000.0,0.6769999861717224,9.0,3652770876.5625,3652770876.5625,1.0,True
0,2095,1068,18.65,18.25,18.5,18.68,18.43,11:29:48.816,11298136,-1865,27793,6,51681524.0,11239,16554,0,5069,18.64,18.65,19,48,18.63,18.66,74,229,18.62,18.67,12,203,18.61,18.68,44,319,18.6,18.69,179,387,"(2036,)",0,0,0,0,0.05,1068,251708398.4375,28,24,20251031,20061215,252720000.0,18640000.0,-148637597.65625,3777409687.5,0.0,0.0,-99.99999776482582,15773523750.0,12874161250.0,420081015.625,0.0,39875.0,4403798750.0,2194980000.0,3261241875.0,8856592500.0,4105640937.5,3638073125.0,61627001.953125,-75978999.0234375,-20102000.732421875,1163223046.875,866537031.25,264701992.1875,-74851000.9765625,-74921000.9765625,-28076000.9765625,2460731093.75,3.503999948501587,9.0,4694361630.859375,4694361630.859375,0.8,True
0,2098,960,10.49,10.42,10.48,10.57,10.45,11:29:53.712,11298952,-1049,33196,1,34862628.0,17049,16147,0,7640,10.49,10.5,45,167,10.48,10.51,91,15,10.47,10.52,383,76,10.46,10.53,494,256,10.45,10.54,187,680,"(181,)",0,0,0,0,-0.18,960,357988789.0625,20,41,20260120,20061222,358000000.0,12410000.0,1717323437.5,18667737500.0,0.0,0.0,4699.999988079071,22233015000.0,12478715000.0,6645305000.0,497500000.0,24229.0,7065838125.0,69351000.9765625,3275694062.5,14547018750.0,20384601250.0,13561065000.0,4710369062.5,1896478906.25,3236999.8168945312,1906936875.0,-241217988.28125,3166480000.0,1882760000.0,1668185937.5,1668973125.0,6690278125.0,4.063000202178955,9.0,3755302397.265625,3755302397.265625,0.85,True
0,2105,1154,7.3,7.23,7.29,7.35,7.23,11:29:55.626,11299271,-730,62729,3,45800372.0,24284,38445,0,2836,7.3,7.31,309,383,7.29,7.32,412,408,7.28,7.33,146,1936,7.27,7.34,293,1497,7.26,7.35,162,1499,"(53,)",0,0,0,0,0.0,1154,364471015.625,18,32,20251224,20070112,366241992.1875,12370000.0,8376500.244140625,8181268125.0,0.0,0.0,-799.9999821186066,16084072500.0,8949081875.0,4591630937.5,1256151953.125,34592.0,5418643125.0,690672031.25,175215996.09375,8420109375.0,8638913125.0,7591421250.0,2687680000.0,-295593984.375,-24593999.0234375,592148007.8125,-6435000.0,1742971093.75,-265158007.8125,-323799003.90625,-301387011.71875,3547465000.0,2.2880001068115234,9.0,2660638414.0625,2660638414.0625,0.85,True
0,2107,1314,7.27,7.34,7.34,7.45,7.25,11:29:55.644,11299274,-727,74576,294,54437256.0,41516,33060,0,14871,7.26,7.27,1562,8,7.25,7.28,2073,592,7.24,7.29,241,599,7.23,7.3,440,723,7.22,7.31,267,269,"(52,)",0,0,0,0,-0.13,1314,571393984.375,15,34,20260120,20070124,577209609.375,12270000.0,364033789.0625,7637933750.0,0.0,0.0,1700.0000178813934,9773700000.0,5667708750.0,3253249062.5,343396992.1875,40066.0,2407310000.0,-29182998.046875,0.0,7238184375.0,8169524375.0,2011146093.75,671250937.5,1035980000.0,17630999.755859375,1285255937.5,511616015.625,934624062.5,1023795000.0,887910000.0,957151953.125,846608984.375,1.253999948501587,12.0,4154034266.4062495,4154034266.4062495,0.8,True
0,2124,879,2.52,2.51,2.53,2.54,2.51,11:29:58.494,11299749,-252,152129,6,38365208.0,80698,71432,0,16523,2.52,2.53,14480,54859,2.51,2.54,48773,23566,2.5,2.55,35555,11866,2.49,2.56,22371,8256,2.48,2.57,12001,6798,"(3445,)",0,0,0,0,0.0,879,1972354687.5,28,17,20260204,20070403,2221933906.25,10030000.0,13414086250.0,71463525000.0,0.0,0.0,1199.99997317791,134877910000.0,27002050000.0,62681280000.0,437085000.0,84691.0,77224740000.0,744072031.25,41564770000.0,39351355000.0,67187020000.0,57116445000.0,264462011.71875,2349593906.25,1619950937.5,6916011250.0,290582011.71875,22742955000.0,2591584062.5,2591245000.0,2595524062.5,-27442695000.0,1.7710000276565552,9.0,4970333812.5,4970333812.5,0.95,True
0,2133,1149,3.87,3.81,3.88,3.91,3.84,11:29:57.684,11299614,-387,135003,15,52370908.0,62366,72637,0,20936,3.86,3.87,1576,221,3.85,3.88,1787,3119,3.84,3.89,811,1969,3.83,3.9,593,3087,3.82,3.91,834,2241,"(52,)",0,0,0,0,0.0,1149,769870234.375,28,11,20251031,20070427,774144062.5,20700000.0,-1520600781.25,33508780000.0,0.0,0.0,1199.99997317791,75578745000.0,57312440000.0,6962290000.0,85544003.90625,29287.0,32599750000.0,1655450937.5,8446285000.0,29386810000.0,38964985000.0,35345770000.0,978505937.5,1555080000.0,368066992.1875,4486978750.0,-2458725000.0,37246635000.0,1544861093.75,810528984.375,946521953.125,10646460000.0,3.796000003814697,9.0,2979397807.03125,2979397807.03125,1.0,True
0,2141,948,3.87,3.85,3.85,3.9,3.84,11:29:57.684,11299614,-387,139930,10,54129112.0,62013,77917,0,11153,3.87,3.88,6685,757,3.86,3.89,6112,18571,3.85,3.9,12973,9401,3.84,3.91,3793,2510,3.83,3.92,3283,6739,"(53,)",0,0,0,0,-0.25,948,1018970937.5,12,43,20251030,20070720,1032935781.25,12380000.0,15973199.462890623,455515781.25,0.0,0.0,399.9999910593033,12444577500.0,8746790625.0,1213158984.375,236379003.90625,40293.0,3157196250.0,489375000.0,1718089062.5,8318043125.0,9310386250.0,8647036250.0,4705787812.5,407798984.375,1658000.030517578,117368007.8125,-511896015.625,716743046.875,407558007.8125,405095000.0,422833007.8125,-3759565000.0,0.8050000071525574,9.0,3943417528.125,3943417528.125,0.8,True
0,2148,1373,8.75,8.62,8.73,8.85,8.7,11:29:54.756,11299126,-875,54874,1,47947612.0,31850,23024,0,10205,8.74,8.75,218,793,8.73,8.76,226,853,8.72,8.77,242,806,8.71,8.78,598,1748,8.7,8.79,1480,629,"(116,)",0,0,0,0,0.0,1373,449317617.1875,7,24,20260202,20070810,558987304.6875,18650000.0,135613798.828125,2059081875.0,0.0,0.0,-0.0,14127505000.0,6795440000.0,1659753906.25,53046000.9765625,81400.0,1534445937.5,94328994.140625,2073024062.5,12217502500.0,2891155000.0,1852656093.75,565399023.4375,-24178999.0234375,352000.00762939453,-177659003.90625,142968007.8125,36642001.953125,-24241000.9765625,-18635999.75585937,-2753000.1831054688,4091890000.0,2.186000108718872,9.0,3931529150.390625,3931529150.390625,0.9,True
0,2154,1096,4.08,4.08,4.1,4.12,4.07,11:29:57.558,11299593,-408,169188,1,69165368.0,88866,80322,0,7970,4.08,4.09,2946,10454,4.07,4.1,9721,10840,4.06,4.11,7125,7490,4.05,4.12,7134,7661,4.04,4.13,9058,3840,"(821,)",0,0,0,0,0.0,1096,1179772578.125,28,41,20251028,20070816,1459333750.0,12180000.0,4152670312.5,35357855000.0,0.0,0.0,1599.9999642372131,69213710000.0,41766112500.0,8176280000.0,5177135937.5,75366.0,21599640000.0,1234019062.5,7707882500.0,45332330000.0,34795345000.0,11980077500.0,6496550000.0,3326992187.5,138499003.90625,959136015.625,-231845000.0,14097148750.0,3213111875.0,2442110000.0,2359655000.0,19244175000.0,3.1059999465942383,9.0,4813472118.75,4813472118.75,0.95,True
0,2159,1278,16.72,16.59,16.75,16.78,16.51,11:29:49.974,11298329,-1672,26150,1,43515860.0,12725,13425,0,11239,16.72,16.73,61,141,16.71,16.74,38,15,16.7,16.75,117,153,16.69,16.76,119,44,16.68,16.77,36,60,"(53,)",0,0,0,0,0.24,1278,138472597.65625,19,10,20251029,20070817,177301308.59375,23780000.0,1554339531.25,5534315000.0,0.0,0.0,7799.999713897705,18770767500.0,4760903750.0,8106650625.0,1213991015.625,13898.0,2077310000.0,527100976.5625,8374350000.0,14624231250.0,5032084062.5,1946759062.5,65373999.0234375,1942445000.0,-5266999.51171875,1930192968.75,-614858984.375,83396992.1875,1927010000.0,1455320000.0,1382250937.5,3533055937.5,8.248000144958496,9.0,2315261832.8125,2315261832.8125,0.85,True
0,2162,1528,5.39,5.33,5.33,5.41,5.3,11:29:56.772,11299462,-539,173516,400,92965224.0,79991,93526,0,8171,5.39,5.4,853,383,5.38,5.41,2178,2029,5.37,5.42,712,1584,5.36,5.43,515,2069,5.35,5.44,1054,1253,"(5301,)",0,0,0,0,-0.18,1528,918494062.5,16,40,20260203,20070823,919700937.5,12300000.0,-330728515.625,8888978125.0,0.0,0.0,0.0,20057995000.0,6703074375.0,2676476875.0,178763007.8125,53987.0,7233031875.0,149343007.8125,381496015.625,8213636250.0,7713081875.0,6028948125.0,1316217968.75,37358999.0234375,61434003.90625,320967988.28125,444674023.4375,1354442968.75,49468999.0234375,19366000.9765625,30842998.046875,-2035786875.0,0.8930000066757202,9.0,4950682996.875,4950682996.875,0.85,True
0,2168,243,4.16,4.14,4.16,4.18,4.12,11:29:57.510,11299585,-416,23470,1,9722038.0,11415,12056,0,8,4.15,4.16,462,983,4.14,4.17,798,1288,4.13,4.18,2557,3743,4.12,4.19,4145,379,4.11,4.2,2425,1074,"(5620,)",0,0,0,0,0.48,243,784163437.5,25,43,20251031,20070919,784163437.5,12380000.0,-830947734.375,1471814843.75,0.0,0.0,-599.9999865889549,9266965000.0,5012335000.0,385950000.0,351015976.5625,30499.0,7396196250.0,361335000.0,4879351875.0,226630000.0,2842552812.5,1408313906.25,2783220000.0,-160580000.0,10814000.244140623,276995996.09375,-24408000.48828125,990924062.5,-146841005.859375,-295645996.09375,-432166992.1875,-12920852500.0,0.0289999991655349,9.0,3262119900.0,3262119900.0,1.0,True
