market,code,active1,price,last_close,open,high,low,servertime,reversed_bytes0,reversed_bytes1,vol,cur_vol,amount,s_vol,b_vol,reversed_bytes2,reversed_bytes3,bid1,ask1,bid_vol1,ask_vol1,bid2,ask2,bid_vol2,ask_vol2,bid3,ask3,bid_vol3,ask_vol3,bid4,ask4,bid_vol4,ask_vol4,bid5,ask5,bid_vol5,ask_vol5,reversed_bytes4,reversed_bytes5,reversed_bytes6,reversed_bytes7,reversed_bytes8,reversed_bytes9,active2,liutongguben,province,industry,updated_date,ipo_date,zongguben,guojiagu,faqirenfarengu,farengu,bgu,hgu,zhigonggu,zongzichan,liudongzichan,gudingzichan,wuxingzichan,gudongrenshu,liudongfuzhai,changqifuzhai,zibengongjijin,jingzichan,zhuyingshouru,zhuyinglirun,yingshouzhangkuan,yingyelirun,touzishouyu,jingyingxianjinliu,zongxianjinliu,cunhuo,lirunzonghe,shuihoulirun,jinglirun,weifenpeilirun,meigujingzichan,baoliu2,liutongguben_raw,liutongguben_factor,流通盘,circulating,turnover_low_ratio,turnover_low_ok,ma20_support_ok,ma20_oscillation_ok
0,000007,1090,12.31,12.3,12.31,12.48,12.15,11:29:52.620,11298770,-1231,56154,3,69020648.0,28867,27287,0,3853,12.3,12.31,97,16,12.29,12.32,115,14,12.26,12.33,21,4,12.25,12.34,131,28,12.23,12.35,8,207,"(52,)",0,0,0,0,-0.07,1090,346448007.8125,18,10,20251031,19920413,346448007.8125,20700000.0,31760900.87890625,1542256875.0,0.0,0.0,99.99999776482582,3705430937.5,2598828906.25,435443007.8125,945999.9847412108,12551.0,1599967031.25,144065000.0,1570240937.5,1826725937.5,2998466875.0,2659123125.0,550212031.25,28079001.46484375,1138000.030517578,2837065937.5,-257132011.71875,549862968.75,35642998.046875,24640000.0,34179001.46484375,-3279330937.5,0.5270000100135803,9.0,346448007.8125,1,4264774976.171875,4264774976.171875,1.0,True,True,True
0,000010,1303,3.67,3.62,3.62,3.69,3.54,11:29:57.804,11299634,-367,202155,3,73633336.0,105570,96585,0,36247,3.66,3.67,2308,3754,3.65,3.68,3485,3808,3.64,3.69,5492,6101,3.63,3.7,890,5001,3.62,3.71,959,1589,"(52,)",0,0,0,0,0.27,1303,848033437.5,18,21,20251216,19951027,1149652265.625,14480000.0,-594307617.1875,3538041250.0,0.0,0.0,-299.99999329447746,27194105000.0,21016562500.0,54823999.0234375,17625999.755859375,34767.0,23266005000.0,447741015.625,21103560000.0,3264786875.0,4246812812.5,3909369062.5,15298285000.0,-222531015.625,-7787999.877929687,-411815000.0,-549964023.4375,1034025000.0,-271158007.8125,-305187011.71875,-319038984.375,-28424925000.0,0.2840000092983246,9.0,848033437.5,1,3112282715.625,3112282715.625,0.85,True,True,True
0,000011,897,9.25,9.28,9.27,9.3,9.15,11:29:54.456,11299076,-925,37098,5,34250720.0,17911,19187,0,3226,9.25,9.27,253,168,9.24,9.28,39,1412,9.23,9.29,62,48,9.22,9.3,202,213,9.21,9.31,141,67,"(53,)",0,0,0,0,-0.1,897,526475507.8125,18,11,20251030,19920330,595979101.5625,20700000.0,35810200.1953125,13178067500.0,67605200.1953125,0.0,500.0000074505806,153041960000.0,142511010000.0,427474023.4375,3370000.0,37276.0,46318395000.0,-1376573125.0,804880000.0,33937560000.0,17157720000.0,12862247500.0,6030171875.0,360598007.8125,7345000.0,-23751710000.0,3675944062.5,108231440000.0,480114023.4375,260592988.28125,322211015.625,25949710000.0,5.693999767303467,9.0,526475507.8125,1,4869898447.265625,4869898447.265625,1.0,True,True,True
0,000019,1028,7.13,7.16,7.16,7.17,7.05,11:29:55.728,11299288,-713,61207,40,43467400.0,30681,30527,0,730,7.12,7.13,277,102,7.11,7.14,567,406,7.1,7.15,1224,702,7.09,7.16,554,471,7.08,7.17,504,669,"(3252,)",0,0,0,0,0.14,1028,416216406.25,18,17,20260202,19921012,1152535234.375,15510000.0,2442543437.5,38018845000.0,51749301.7578125,0.0,2099.9999344348907,70118570000.0,40553400000.0,19740806250.0,4393831875.0,43016.0,18876087500.0,16100999.755859377,12719082500.0,49891070000.0,39184755000.0,32557362500.0,1590882031.25,3056041875.0,-20161999.51171875,12651572500.0,320012011.71875,35200365000.0,3065269062.5,2434335000.0,2435265000.0,19486150000.0,4.328999996185303,9.0,416216406.25,1,2967622976.5625,2967622976.5625,0.9,True,True,True
0,000020,932,15.39,15.3,15.27,15.5,15.2,11:29:50.772,11298462,-1539,31574,20,48571804.0,14218,17356,0,1680,15.39,15.4,60,67,15.38,15.41,26,163,15.37,15.42,39,119,15.36,15.43,26,39,15.35,15.44,51,38,"(53,)",0,0,0,0,-0.05,932,181165390.625,18,35,20251025,19920428,283161191.40625,12390000.0,142430498.046875,6062678750.0,101995800.78125,0.0,799.9999821186066,7532313125.0,5082980000.0,1613215000.0,328326992.1875,28401.0,3228700937.5,0.0,1465776875.0,4249259062.5,6829502500.0,5992382500.0,2295464062.5,256423007.8125,5545000.0,-446760000.0,-461106015.625,706965000.0,256537988.28125,212668984.375,212668984.375,-822046015.625,1.5010000467300415,9.0,181165390.625,1,2788135361.71875,2788135361.71875,0.9,True,True,True
0,000068,758,3.59,3.56,3.57,3.61,3.55,11:29:57.852,11299642,-359,69848,19,25041304.0,29544,40305,1,1881,3.58,3.59,2775,503,3.57,3.6,2451,4569,3.56,3.61,2079,7229,3.55,3.62,3279,2399,3.54,3.63,1245,1354,"(5684,)",0,0,0,0,0.0,758,1006671484.375,18,39,20251030,19970611,1006671484.375,15510000.0,-733717187.5,5918214375.0,0.0,0.0,-1000.0000149011612,40219865000.0,14311812500.0,571526992.1875,1144212968.75,38067.0,17086326250.0,3901280000.0,11886831250.0,6079765000.0,5176196250.0,4781256875.0,4205048750.0,-396598007.8125,-725000.0,2500684062.5,-426075000.0,593673007.8125,-899275000.0,-968298046.875,-1000640000.0,-17450876250.0,0.6039999723434448,9.0,1006671484.375,1,3613950628.90625,3613950628.90625,1.0,True,True,True
0,000151,991,13.85,13.72,13.78,13.87,13.65,11:29:51.696,11298616,-1385,39626,27,54575912.0,18166,21460,0,4354,13.84,13.85,499,84,13.83,13.86,149,71,13.82,13.87,176,423,13.81,13.88,14,209,13.8,13.89,184,157,"(52,)",0,0,0,0,0.0,991,307934707.03125,7,13,20260203,20000906,337370703.125,15510000.0,-1428463750.0,9149068750.0,0.0,0.0,-799.9999821186066,21975712500.0,19033037500.0,741727968.75,265443984.375,26817.0,18864618750.0,-1003874062.5,9930790625.0,3328605000.0,8262118750.0,6859642500.0,2156232031.25,-295691992.1875,274084003.90625,-867405937.5,-541215000.0,1609050937.5,-293066992.1875,-340860000.0,-283750996.09375,-11422436250.0,0.9869999885559082,9.0,307934707.03125,1,4264895692.3828125,4264895692.3828125,0.9,True,True,True
0,000153,817,6.74,6.73,6.73,6.76,6.7,11:29:55.962,11299327,-674,40970,55,27595406.0,22274,18696,0,1810,6.74,6.75,175,1225,6.73,6.76,1365,2878,6.72,6.77,965,1752,6.71,6.78,674,1879,6.7,6.79,813,1171,"(1397,)",0,0,0,0,-0.14,817,458868515.625,24,34,20260110,20000920,464685507.8125,12270000.0,1473028437.5,32614227500.0,0.0,0.0,2199.999988079071,49684010000.0,20919348750.0,11110061250.0,2393592031.25,39078.0,23050822500.0,244270000.0,4581380000.0,21015455000.0,31251460000.0,25781397500.0,11004463750.0,1143336015.625,84765000.0,888135000.0,192407988.28125,5794623750.0,1139499062.5,982150000.0,1002842968.75,10438818125.0,4.521999835968018,9.0,458868515.625,1,3092773795.3125,3092773795.3125,1.0,True,True,True
0,000419,930,6.7,6.68,6.67,6.71,6.59,11:29:55.986,11299331,-670,54962,1,36604872.0,24539,30423,0,1708,6.7,6.71,366,731,6.69,6.72,553,1309,6.68,6.73,963,576,6.67,6.74,257,198,6.66,6.75,749,669,"(1845,)",0,0,0,0,-0.14,930,543582695.3125,21,12,20260115,19960816,543582695.3125,15520000.0,1461816718.75,12834572500.0,0.0,0.0,2300.000041723252,56931980000.0,25169380000.0,6940940625.0,1927214062.5,25729.0,11140572500.0,3254465000.0,4173943125.0,34974000000.0,13563580000.0,10466496250.0,693097031.25,1615265937.5,764592031.25,2976674062.5,1796407968.75,1916800937.5,1643415000.0,1369124062.5,1244138984.375,14403515000.0,6.434000015258789,9.0,543582695.3125,1,3642004058.59375,3642004058.59375,1.0,True,True,True
0,000421,1016,7.09,7.08,7.1,7.11,7.03,11:29:55.752,11299292,-709,55214,30,39031568.0,28786,26428,0,5510,7.09,7.1,198,2031,7.08,7.11,722,1094,7.07,7.12,985,1277,7.06,7.13,308,1158,7.05,7.14,769,1169,"(53,)",0,0,0,0,0.0,1016,574296289.0625,26,42,20251028,19960806,574415703.125,13450000.0,-144157802.734375,36379860000.0,0.0,0.0,2000.0000298023224,105708600000.0,48398695000.0,36912897500.0,1069474062.5,31623.0,55550710000.0,11936232500.0,4081243125.0,28097875000.0,59683190000.0,51473180000.0,3359805000.0,2560211875.0,121943007.8125,15770742500.0,-23207001.953125,21868755000.0,2591796093.75,1877730000.0,1159011015.625,16109748750.0,4.892000198364258,9.0,574296289.0625,1,4071760689.453125,4071760689.453125,0.95,True,True,True
0,000430,586,7.41,7.49,7.45,7.47,7.38,11:29:55.560,11299260,-741,24870,6,18427148.0,18002,6868,0,872,7.41,7.42,384,17,7.4,7.43,1454,18,7.39,7.44,3410,102,7.38,7.45,2490,312,7.37,7.46,1434,218,"(53,)",0,0,0,0,0.0,586,370556484.375,21,10,20251226,19960829,809635390.625,23780000.0,-647250507.8125,3102056875.0,0.0,0.0,-599.9999865889549,20991755000.0,1186190000.0,8871136875.0,4541523125.0,19698.0,8568122500.0,0.0,8522395000.0,2677614062.5,3365975000.0,2735040937.5,81823999.0234375,-132520000.0,22868999.0234375,418876992.1875,59000000.0,37773999.0234375,-133357998.046875,-223963984.375,-223963984.375,-10515551250.0,0.6610000133514404,9.0,370556484.375,1,2745823549.21875,2745823549.21875,1.0,True,True,True
0,000488,622,2.17,2.12,2.12,2.2,2.12,11:29:58.704,11299784,-217,217569,10,46891628.0,53410,164159,0,25444,2.17,2.18,3568,19531,2.16,2.19,9196,13379,2.15,2.2,10510,28270,2.14,2.21,10244,8502,2.13,2.22,7926,11166,"(53,)",0,0,0,0,-0.45,622,1681387343.75,15,38,20251031,20001120,2941456250.0,12220000.0,-7100985000.0,198247460000.0,706385234.375,528305195.3125,-20499.99952316284,528549760000.0,85279520000.0,297749800000.0,16165218750.0,109647.0,400892040000.0,21475597500.0,52412795000.0,31968895000.0,33478605000.0,54326125000.0,8824521250.0,-65228440000.0,-7154050000.0,7025893125.0,-405815000.0,26830045000.0,-65493170000.0,-64365090000.0,-60078160000.0,-53999990000.0,1.087000012397766,9.0,1681387343.75,1,3648610535.9375,3648610535.9375,1.0,True,True,True
0,000504,230,8.88,8.84,8.81,8.92,8.79,11:29:54.678,11299113,-888,9698,23,8591579.0,4361,5337,0,1542,8.86,8.87,55,3,8.85,8.88,249,653,8.84,8.89,197,250,8.83,8.9,38,654,8.82,8.91,10,152,"(52,)",0,0,0,0,0.23,230,329117890.625,21,34,20251027,19921208,330023085.9375,22750000.0,-84107597.65625,924170625.0,0.0,0.0,199.99999552965164,8419559375.0,5174368125.0,1484317031.25,623653984.375,12189.0,3643578750.0,1203283984.375,4234728125.0,2423275000.0,834383984.375,305173007.8125,1382132968.75,-24811000.9765625,53103002.9296875,173248007.8125,-447125000.0,462548007.8125,-31110000.0,-31495000.0,52322998.046875,-5457141250.0,0.734000027179718,9.0,329117890.625,1,2922566868.7500005,2922566868.7500005,1.0,True,True,True
0,000505,1090,7.22,7.2,7.22,7.31,7.09,11:29:55.674,11299279,-722,74369,13,53487472.0,34672,39697,0,3263,7.22,7.23,70,246,7.21,7.24,821,530,7.2,7.25,912,981,7.19,7.26,1801,491,7.18,7.27,459,892,"(2677,)",0,0,0,0,-0.13,1090,632380390.625,30,14,20260105,19921221,726950234.375,12130000.0,278544296.875,94933670000.0,64975000.0,0.0,-700.0000029802322,84974840000.0,64703845000.0,8351063125.0,3744364062.5,57700.0,38193735000.0,3401301875.0,16836737500.0,30783515000.0,62115240000.0,59029200000.0,976221953.125,-528590000.0,44873002.9296875,1490879062.5,5031657812.5,33017137500.0,-679746015.625,-787287031.25,-515016015.625,5288969375.0,4.235000133514404,9.0,632380390.625,1,4565786420.3125,4565786420.3125,0.8,True,True,True
0,000507,711,5.45,5.47,5.5,5.5,5.43,11:29:56.736,11299456,-545,30762,2,16789644.0,17288,13474,0,2596,5.45,5.46,2127,2143,5.44,5.47,2233,1627,5.43,5.48,2195,1919,5.42,5.49,1021,2246,5.41,5.5,981,2381,"(53,)",0,0,0,0,-0.17,711,902354531.25,12,16,20260202,19930326,919734921.875,16550000.0,2387892187.5,40335870000.0,0.0,0.0,2500.0,202266560000.0,57418140000.0,69174775000.0,13909947500.0,66552.0,43900485000.0,29694100000.0,13712315000.0,62724800000.0,32439140000.0,23354847500.0,13021222500.0,5420471250.0,1528277968.75,6926250000.0,-12811961250.0,2749243125.0,5137523125.0,3937955937.5,2483917031.25,25570240000.0,5.951000213623047,9.0,902354531.25,1,4917832195.3125,4917832195.3125,1.0,True,True,True
0,000509,661,3.55,3.52,3.52,3.55,3.48,11:29:57.876,11299646,-355,81951,31,28887760.0,29402,52550,0,1746,3.54,3.55,6242,4321,3.53,3.56,1772,5031,3.52,3.57,2431,2906,3.51,3.58,896,3276,3.5,3.59,2185,2979,"(3252,)",0,0,0,0,0.28,661,1073124765.625,23,35,20260122,19930507,1073127968.75,12390000.0,-123317099.609375,7154946875.0,0.0,0.0,-99.99999776482582,8714050625.0,6069130625.0,1357792031.25,311953007.8125,35000.0,4535873125.0,809075937.5,2507822031.25,1242707031.25,5884425000.0,5588291250.0,1844973125.0,-87219003.90625,0.0,-16149000.244140623,-146022998.046875,1685170000.0,-86327001.953125,-92207001.953125,-98557998.046875,-12156351250.0,0.1159999966621398,9.0,1073124765.625,1,3809592917.96875,3809592917.96875,1.0,True,True,True
0,000514,947,5.26,5.26,5.29,5.34,5.2,11:29:56.850,11299475,-526,76566,11,40061640.0,44691,31875,0,4211,5.25,5.26,378,1152,5.24,5.27,1365,1170,5.23,5.28,899,1964,5.22,5.29,1981,1523,5.21,5.3,2719,1671,"(52,)",0,0,0,0,0.38,947,843770937.5,25,11,20260119,19930712,843770937.5,20700000.0,-455557812.5,2950316250.0,0.0,0.0,1899.999976158142,72499295000.0,39454885000.0,5755298750.0,996840000.0,50739.0,24339522500.0,2779458125.0,11977821250.0,37923340000.0,1982080000.0,1626945937.5,2423042968.75,1819432031.25,2457876875.0,604072031.25,-28726000.9765625,27342627500.0,1895022031.25,1592417968.75,1613361093.75,15454873750.0,4.494999885559082,9.0,843770937.5,1,4438235131.25,4438235131.25,0.9,True,True,True
0,000518,232,2.59,2.59,2.61,2.63,2.59,11:29:58.452,11299742,-259,45898,2,11954836.0,23048,22850,0,3069,2.59,2.6,3690,3448,2.58,2.61,3069,2289,2.57,2.62,1782,7717,2.56,2.63,2244,7777,2.55,2.64,3548,3088,"(757,)",0,0,0,0,0.0,232,1029535703.125,26,34,20260204,19930908,1029556328.125,12270000.0,-146171601.5625,1559943437.5,0.0,0.0,-99.99999776482582,5091444062.5,3968364062.5,486351992.1875,102902001.953125,59387.0,892163984.375,264620000.0,355726992.1875,3590159062.5,2943740937.5,1948471093.75,742903984.375,-131306005.859375,15474000.244140623,839712031.25,681520000.0,2222590937.5,-140775000.0,-134955000.0,-126972998.046875,-7445830000.0,0.3490000069141388,9.0,1029535703.125,1,2666497471.09375,2666497471.09375,1.0,True,True,True
0,000520,1011,4.59,4.57,4.57,4.61,4.5,11:29:57.252,11299542,-459,106362,36,48233592.0,46188,60175,-1,1622,4.59,4.6,9604,947,4.58,4.61,989,1730,4.57,4.62,365,2221,4.56,4.63,583,833,4.55,4.64,411,581,"(4469,)",0,0,0,0,0.44,1011,1012083437.5,19,8,20260202,19931025,1012083437.5,16550000.0,-220828808.59375,7554985000.0,0.0,0.0,-599.9999865889549,6312420000.0,3285734062.5,2813350937.5,0.0,71642.0,1990855000.0,0.0,19600945000.0,4027560937.5,5485069375.0,5161455000.0,866736015.625,-555248007.8125,0.0,-46137998.046875,761153984.375,101790000.0,-555385976.5625,-556171015.625,-556171015.625,-28177977500.0,0.3980000019073486,9.0,1012083437.5,1,4645462978.125,4645462978.125,1.0,True,True,True
0,000526,726,38.59,38.34,38.33,38.66,38.16,11:29:36.852,11296142,-3859,7140,12,27450292.0,2643,4497,0,460,38.59,38.61,1,3,38.58,38.62,119,161,38.57,38.64,7,10,38.53,38.65,102,146,38.52,38.66,12,47,"(52,)",0,0,0,0,-0.15,726,119459501.953125,20,18,20251105,19931101,121861103.515625,25830000.0,1757280000.0,22468170000.0,0.0,0.0,19500.00047683716,42322980000.0,15716176250.0,1927821093.75,78358002.9296875,16988.0,27625010000.0,-276324003.90625,9569590625.0,9972450000.0,26129512500.0,17281623750.0,111062998.046875,2885261875.0,136429003.90625,7617811250.0,-904396953.125,233398007.8125,2847046250.0,2266232031.25,2311136875.0,219426992.1875,8.184000015258789,9.0,119459501.953125,1,4609942180.371094,4609942180.371094,0.95,True,True,True
0,000529,986,6.31,6.27,6.29,6.31,6.23,11:29:56.220,11299370,-631,37699,64,23646144.0,14953,22746,0,3862,6.3,6.31,741,617,6.29,6.32,683,878,6.28,6.33,271,704,6.27,6.34,253,714,6.26,6.35,162,1996,"(52,)",0,0,0,0,0.48,986,569884414.0625,12,14,20251029,19931118,583790312.5,12130000.0,850940703.125,18820298750.0,0.0,0.0,1199.99997317791,68169220000.0,27629350000.0,9594186250.0,2192811875.0,34215.0,18487120000.0,457473007.8125,4182455937.5,31694487500.0,16886547500.0,16074051250.0,460062031.25,722822031.25,578685000.0,-1419725000.0,-700045000.0,2821277812.5,806883984.375,681895000.0,671488984.375,14796442500.0,5.428999900817871,9.0,569884414.0625,1,3595970652.734375,3595970652.734375,1.0,True,True,True
0,000548,847,5.83,5.83,5.85,5.88,5.8,11:29:56.508,11299418,-583,47845,5,27961482.0,22175,25671,0,2036,5.83,5.84,972,11,5.82,5.85,2896,472,5.81,5.86,581,1601,5.8,5.87,753,4496,5.79,5.88,335,2611,"(3957,)",0,0,0,0,-0.33,847,499173984.375,21,6,20260202,19931220,499215781.25,16540000.0,917972265.625,5142118125.0,0.0,0.0,1099.9999940395355,24637172500.0,13404381250.0,3326273125.0,1319079062.5,41964.0,3232470000.0,0.0,4782680000.0,20679706250.0,3784762187.5,2084720000.0,299374003.90625,827419062.5,4441000.061035156,-331911015.625,-1358236093.75,5318951875.0,812761015.625,563706992.1875,563706992.1875,9164661250.0,4.142000198364258,9.0,499173984.375,1,2910184328.90625,2910184328.90625,1.0,True,True,True
0,000570,934,6.13,6.09,6.09,6.15,6.07,11:29:56.328,11299388,-613,80009,9,48964916.0,38795,41214,0,914,6.12,6.13,749,1687,6.11,6.14,868,2451,6.1,6.15,898,5625,6.09,6.16,273,2780,6.08,6.17,314,1209,"(52,)",0,0,0,0,0.16,934,555692500.0,26,26,20260123,19940701,705692500.0,12340000.0,463574414.0625,19579668750.0,150000000.0,0.0,599.9999865889549,53049530000.0,31883220000.0,5633566250.0,1382122031.25,44754.0,15175587500.0,812705000.0,6405096250.0,34368485000.0,20623801250.0,18330623750.0,12977511250.0,629937968.75,89907998.046875,-2149157031.25,-1950152968.75,5196850000.0,630576992.1875,505064023.4375,444887968.75,10210599375.0,4.869999885559082,9.0,555692500.0,1,3406395025.0,3406395025.0,1.0,True,True,True
0,000576,1258,10.86,10.78,10.72,10.95,10.67,11:29:53.490,11298915,-1086,45082,5,48846432.0,21189,23893,0,1233,10.85,10.86,313,25,10.84,10.87,334,56,10.83,10.88,183,422,10.82,10.89,63,277,10.81,10.9,214,248,"(52,)",0,0,0,0,0.0,1258,433815312.5,12,29,20251025,19940907,436418203.125,12390000.0,200283808.59375,2783806562.5,0.0,0.0,1800.0000715255735,22607022500.0,10497832500.0,1083208984.375,262193984.375,37910.0,3087855937.5,598833007.8125,6696043750.0,16513701250.0,3611437812.5,1967300937.5,4618062187.5,736362031.25,433380000.0,113981992.1875,-84582001.953125,2612389062.5,1045562968.75,795052031.25,775312968.75,4405407812.5,3.783999919891357,9.0,433815312.5,1,4711234293.75,4711234293.75,0.8,True,True,True
0,000590,1221,12.4,12.28,12.29,12.55,12.2,11:29:52.566,11298761,-1240,50852,52,62945904.0,22665,28188,0,7313,12.39,12.4,53,224,12.38,12.41,199,137,12.37,12.42,344,123,12.36,12.43,74,111,12.35,12.44,61,98,"(5812,)",0,0,0,0,0.08,1221,239371406.25,21,34,20251223,19960119,239471308.59375,12270000.0,-284544707.03125,2162311875.0,0.0,0.0,-599.9999865889549,9455893125.0,4312295000.0,2845903750.0,1261262968.75,17617.0,1624625000.0,24270000.0,4740643125.0,5834255000.0,2248157031.25,1198992031.25,32345000.0,-123868007.8125,922999.9542236328,331316992.1875,-195907988.28125,1149050937.5,-127360996.09375,-150629003.90625,-148206005.859375,-1760085000.0,2.436000108718872,9.0,239371406.25,1,2968205437.5,2968205437.5,1.0,True,True,True
0,000605,799,7.34,7.29,7.29,7.35,7.26,11:29:55.602,11299267,-734,28257,5,20663266.0,11336,16921,0,3069,7.33,7.34,181,703,7.32,7.35,479,3014,7.31,7.36,337,1453,7.3,7.37,230,1368,7.29,7.38,109,1806,"(2612,)",0,0,0,0,0.0,799,352658593.75,7,42,20251028,19960913,352658593.75,13460000.0,120922197.265625,12028471250.0,0.0,0.0,399.9999910593033,78877555000.0,21857105000.0,21960642500.0,6841390000.0,23196.0,30021340000.0,5443911250.0,10891757500.0,21304867500.0,11354967500.0,8815550000.0,10291092500.0,286913984.375,261716992.1875,262385000.0,-1768050937.5,785486015.625,278045996.09375,166018984.375,132015000.0,6154301250.0,6.040999889373779,9.0,352658593.75,1,2588514078.125,2588514078.125,1.0,True,True,True
0,000615,315,3.19,3.12,3.16,3.19,3.13,11:29:58.092,11299682,-319,49915,32,15800887.0,14136,35779,0,2413,3.19,3.2,1042,3675,3.18,3.21,758,1828,3.17,3.22,1487,2483,3.16,3.23,2139,2129,3.15,3.24,2373,1663,"(1269,)",0,0,0,0,0.0,315,925316406.25,19,9,20260209,19961016,1787492656.25,26840000.0,-827122734.375,7943307500.0,0.0,0.0,-1599.9999642372131,27372000000.0,5027640000.0,9048590000.0,2036500000.0,35007.0,13728781250.0,1786856093.75,8140440625.0,-2532326875.0,7218300625.0,5690596250.0,567253984.375,-1371602968.75,9276999.51171875,102642001.953125,-199024003.90625,1320961093.75,-1412929062.5,-1485740937.5,-1238592968.75,-18712745000.0,-0.3319999873638153,9.0,925316406.25,1,2951759335.9375,2951759335.9375,1.0,True,True,True
0,000619,1233,6.63,6.61,6.67,6.68,6.58,11:29:56.028,11299338,-663,60139,10,39872176.0,23709,36430,0,3702,6.62,6.63,304,235,6.61,6.64,398,183,6.6,6.65,864,244,6.59,6.66,221,1014,6.58,6.67,620,702,"(52,)",0,0,0,0,0.15,1233,360000000.0,24,21,20251029,19961023,441168789.0625,12290000.0,-264124609.375,40876247500.0,0.0,0.0,-900.0000357627869,53623230000.0,31845960000.0,16498320000.0,3759985000.0,26369.0,20951223750.0,4019839062.5,8580446250.0,25502205000.0,36553747500.0,33331900000.0,10583921250.0,-329360000.0,27317998.046875,1733332031.25,371460000.0,9575175000.0,-320984003.90625,-367381015.625,-383481015.625,9950968125.0,5.781000137329102,9.0,360000000.0,1,2386800000.0,2386800000.0,1.0,True,True,True
0,000626,758,7.75,7.75,7.78,7.78,7.68,11:29:55.356,11299226,-775,25562,4,19775490.0,12174,13388,-1,2264,7.75,7.76,345,117,7.74,7.77,712,809,7.73,7.78,331,688,7.72,7.79,36,191,7.71,7.8,166,774,"(1909,)",0,0,0,0,-0.12,758,503716484.375,26,13,20251027,19961128,506626914.0625,15510000.0,-760738203.125,666028720000.0,0.0,0.0,599.9999865889549,84251170000.0,70833560000.0,4191601875.0,1166690000.0,22483.0,54422830000.0,2434477968.75,13182611250.0,23759547500.0,634836840000.0,632456760000.0,12269910000.0,712163984.375,2135000937.5,-4645909062.5,-1755871093.75,10092249375.0,808991015.625,467078984.375,321810000.0,5134396875.0,4.690000057220459,9.0,503716484.375,1,3903802753.90625,3903802753.90625,1.0,True,True,True
0,000635,878,10.24,10.22,10.23,10.26,10.08,11:29:53.862,11298977,-1024,29263,1,29827516.0,14769,14494,0,1207,10.23,10.24,111,50,10.21,10.25,53,99,10.2,10.26,29,594,10.19,10.27,21,69,10.18,10.28,82,83,"(52,)",0,0,0,0,-0.09,878,303087597.65625,14,19,20260203,19961120,394133593.75,12260000.0,-2579159062.5,13759887500.0,0.0,0.0,-7900.000214576721,29931522500.0,7968965625.0,19440615000.0,604281992.1875,20348.0,12829900000.0,0.0,24680805000.0,15433193750.0,12800352500.0,14251660000.0,435480000.0,-2443189062.5,1031000.0610351562,-3055826875.0,4333207812.5,945369062.5,-2407000000.0,-2474253906.25,-2474253906.25,-14513476250.0,3.9159998893737793,9.0,303087597.65625,1,3103617000.0,3103617000.0,1.0,True,True,True
0,000669,286,3.23,3.08,3.23,3.23,3.23,11:29:58.068,11299678,-323,89849,1,29021356.0,81040,8809,0,56909,3.23,0.0,307839,0,3.22,0.0,101,0,3.21,0.0,620,0,3.2,0.0,237,0,3.19,0.0,190,0,"(2613,)",0,0,0,0,0.0,286,680408828.125,21,42,20251031,19961210,680408828.125,13450000.0,-951792500.0,9518528750.0,0.0,0.0,-700.0000029802322,24016830000.0,2153257031.25,15465498750.0,2718099062.5,15232.0,15753930000.0,912153046.875,16183915000.0,-111008994.140625,9101368750.0,8371255000.0,260312988.28125,-361970000.0,46335996.09375,729416015.625,9487999.877929688,157637998.046875,-523365000.0,-634956015.625,-462308007.8125,-24247280000.0,-0.0160000007599592,9.0,680408828.125,1,2197720514.84375,2197720514.84375,1.0,True,True,True
0,000679,586,7.46,7.43,7.41,7.47,7.36,11:29:55.530,11299255,-746,16291,9,12097992.0,6640,9651,0,1215,7.44,7.46,134,783,7.43,7.47,48,1146,7.42,7.48,156,747,7.41,7.49,192,803,7.4,7.5,299,1507,"(52,)",0,0,0,0,0.0,586,356400000.0,5,12,20251031,19970124,356400000.0,15520000.0,-413423398.4375,1245939531.25,0.0,0.0,-1599.9999642372131,9752015000.0,3160435937.5,1664942031.25,1177082968.75,19099.0,8579586250.0,-863662031.25,688272031.25,1974003906.25,2585551875.0,2123126875.0,445540000.0,-540981015.625,0.0,-1723525000.0,-146253007.8125,625247031.25,-666986015.625,-667041015.625,-571000000.0,-4261390000.0,0.5540000200271606,9.0,356400000.0,1,2658744000.0,2658744000.0,1.0,True,True,True
0,000692,1007,3.94,3.89,3.89,3.96,3.85,11:29:57.642,11299607,-394,90878,13,35559568.0,39205,51673,0,1856,3.94,3.95,1251,3000,3.93,3.96,527,2979,3.92,3.97,1761,2516,3.91,3.98,1434,3553,3.9,3.99,920,2432,"(53,)",0,0,0,0,-0.24,1007,532833007.8125,5,42,20251029,19970227,532833007.8125,13440000.0,-4547060937.5,12285098750.0,0.0,0.0,-5899.999737739563,52740245000.0,17181950000.0,33730272500.0,622387968.75,25597.0,41276672500.0,-751445000.0,18497106250.0,-1291211015.625,12236076250.0,14280055000.0,5519440000.0,-4135942187.5,0.0,-4841771875.0,-1151467968.75,4120878125.0,-4144892187.5,-4193395000.0,-3166288125.0,-26898520000.0,-0.2419999986886978,9.0,532833007.8125,1,2099362050.78125,2099362050.78125,0.9,True,True,True
0,000698,317,3.9,3.87,3.88,3.91,3.87,11:29:57.666,11299611,-390,40652,1,15817422.0,16542,24111,0,1114,3.9,3.91,4239,3350,3.89,3.92,2366,2316,3.88,3.93,2890,4070,3.87,3.94,4351,1059,3.86,3.95,1682,960,"(6389,)",0,0,0,0,-0.25,317,785714375.0,5,5,20251025,19970220,819514375.0,12260000.0,-1870128125.0,36056097500.0,0.0,0.0,1099.9999940395355,52001385000.0,22157637500.0,22702210000.0,5250166250.0,46492.0,31239080000.0,0.0,13371190000.0,14773331250.0,40025922500.0,36989337500.0,1983515000.0,873365000.0,0.0,4590487187.5,4081655937.5,3168170000.0,1029903046.875,888971953.125,888971953.125,-10643800000.0,1.8029999732971191,9.0,785714375.0,1,3064286062.5,3064286062.5,1.0,True,True,True
0,000701,1065,6.41,6.38,6.39,6.42,6.31,11:29:56.160,11299360,-641,73305,7,46685360.0,37940,35365,0,288,6.4,6.41,234,347,6.39,6.42,333,2015,6.38,6.43,678,1971,6.37,6.44,1513,4664,6.36,6.45,904,4720,"(52,)",0,0,0,0,0.16,1065,667746562.5,20,13,20260110,19970226,668313125.0,15510000.0,-1417887968.75,342857520000.0,0.0,0.0,-1299.9999523162842,171584120000.0,119116310000.0,8931503125.0,1390094062.5,48340.0,108979510000.0,8413161250.0,26509045000.0,24938627500.0,269210100000.0,262050520000.0,23859255000.0,588610976.5625,2174831093.75,-14350176250.0,4002226875.0,25569815000.0,595808007.8125,306282011.71875,66375000.0,-40088840000.0,-0.7490000128746033,9.0,667746562.5,1,4280255465.625,4280255465.625,0.9,True,True,True
0,000702,827,7.17,7.2,7.2,7.2,7.12,11:29:55.704,11299284,-717,29311,72,20988566.0,16644,12668,0,3096,7.17,7.18,99,23,7.16,7.19,50,237,7.15,7.2,313,1768,7.14,7.21,989,1581,7.13,7.22,489,4515,"(5429,)",0,0,0,0,-0.27,827,266634609.375,21,17,20251028,19970318,346625000.0,12130000.0,-222408808.59375,7847202500.0,0.0,0.0,-299.99999329447746,5055842187.5,2194817031.25,1261951953.125,59396000.9765625,31981.0,2025075000.0,-587312968.75,4365423125.0,3520348750.0,7968913125.0,7408031250.0,798817031.25,-101769003.90625,1779000.0915527344,-361137968.75,-2281807968.75,864192031.25,-99528994.140625,-101607001.953125,-104797998.046875,-4844605937.5,1.0160000324249268,9.0,266634609.375,1,1911770149.21875,1911770149.21875,1.0,True,True,True
0,000705,989,9.68,9.61,9.6,9.72,9.58,11:29:54.198,11299033,-968,41214,1,39789436.0,19750,21464,0,2074,9.68,9.69,121,372,9.67,9.7,1692,589,9.66,9.71,293,966,9.65,9.72,1811,785,9.64,9.73,155,139,"(53,)",0,0,0,0,0.0,989,281960703.125,28,12,20251031,19970410,334123281.25,15510000.0,435689414.0625,28516245000.0,0.0,0.0,1700.0000178813934,30307602500.0,14712365000.0,7279580000.0,1004245000.0,35792.0,6772028125.0,0.0,5197368125.0,20174685000.0,17796306250.0,13179162500.0,3187190000.0,669986015.625,333143984.375,300290000.0,-113631992.1875,4989335000.0,651073007.8125,560447031.25,560599023.4375,9790855000.0,6.038000106811523,9.0,281960703.125,1,2729379606.25,2729379606.25,1.0,True,True,True
0,000707,902,6.65,6.68,6.7,6.74,6.62,11:29:56.016,11299336,-665,49439,4,32914402.0,24703,24736,0,1642,6.65,6.66,156,623,6.64,6.67,303,598,6.63,6.68,120,234,6.62,6.69,498,1102,6.61,6.7,946,1249,"(1845,)",0,0,0,0,-0.14,902,464145781.25,19,19,20251028,19970415,584717187.5,12260000.0,3394271562.5,20409411250.0,0.0,0.0,-500.0000074505806,56804045000.0,16958636250.0,33870122500.0,4478090000.0,39069.0,12457770000.0,489612031.25,16245026250.0,28474260000.0,15505231250.0,12958372500.0,0.0,668849062.5,19930000.0,-553035000.0,-2880693125.0,1113413984.375,686886015.625,273070996.09375,-262345996.09375,3704862812.5,4.869999885559082,9.0,464145781.25,1,3086569445.3125,3086569445.3125,1.0,True,True,True
0,000713,842,6.8,6.85,6.83,6.85,6.79,11:29:55.926,11299321,-680,62097,58,42263804.0,39035,23063,0,1229,6.8,6.81,671,805,6.79,6.82,10287,1098,6.78,6.83,4836,1409,6.77,6.84,2964,1892,6.76,6.85,2945,2920,"(6325,)",0,0,0,0,-0.14,842,614015000.0,24,17,20260202,19970422,798219531.25,10050000.0,-710513437.5,17204847500.0,0.0,0.0,-1500.0000596046448,35230580000.0,21051065000.0,5612451250.0,2605852968.75,67378.0,13275597500.0,758927031.25,4471451250.0,19058286250.0,15255948750.0,13858056250.0,2664196250.0,-958367031.25,18307000.732421875,1364962031.25,1204000000.0,9876150000.0,-973710000.0,-977200937.5,-907137968.75,7355656250.0,3.1040000915527344,9.0,614015000.0,1,4175302000.0,4175302000.0,0.85,True,True,True
0,000715,933,6.5,6.55,6.54,6.54,6.41,11:29:56.106,11299351,-650,67035,22,43307668.0,37430,29606,0,2511,6.5,6.51,738,419,6.49,6.52,172,445,6.48,6.53,518,963,6.47,6.54,214,1084,6.46,6.55,448,598,"(3765,)",0,0,0,0,0.0,933,538993398.4375,5,12,20260202,19970508,540434609.375,15520000.0,552588007.8125,5663524375.0,0.0,0.0,1299.9999523162842,26964647500.0,10314036250.0,5759896250.0,1546284062.5,20000.0,6180342500.0,12140000.0,590514023.4375,19645668750.0,5619950000.0,2522025000.0,17996999.51171875,909071953.125,8832000.122070312,977455937.5,-365893007.8125,726280000.0,911790000.0,685752968.75,684145000.0,11472210000.0,3.634999990463257,9.0,538993398.4375,1,3503457089.84375,3503457089.84375,0.9,True,True,True
0,000726,792,7.63,7.65,7.65,7.7,7.61,11:29:55.428,11299238,-763,38822,4,29655624.0,20127,18696,0,1033,7.63,7.64,16,511,7.62,7.65,774,1335,7.61,7.66,2523,775,7.6,7.67,976,1179,7.59,7.68,1126,877,"(3318,)",0,0,0,0,0.0,792,589117812.5,15,15,20260106,20001225,817307031.25,12170000.0,2878533750.0,44010720000.0,226125996.09375,0.0,6200.000047683716,141683210000.0,66280460000.0,56906760000.0,3251611875.0,46011.0,16208961250.0,3173526875.0,1789290937.5,97532310000.0,42998195000.0,33037487500.0,7764925000.0,5868192500.0,2510206093.75,4091805000.0,1915618906.25,21565720000.0,5917282500.0,5121850000.0,5026715937.5,72723755000.0,11.845999717712402,9.0,589117812.5,1,4494968909.375,4494968909.375,1.0,True,True,True
0,000731,628,6.93,6.98,7.0,7.0,6.91,11:29:55.848,11299308,-693,29842,6,20686354.0,16146,13696,0,2870,6.92,6.93,869,252,6.91,6.94,1826,98,6.9,6.95,1791,996,6.89,6.96,675,146,6.88,6.97,747,284,"(52,)",0,0,0,0,0.14,628,548825898.4375,23,28,20260202,19970617,548825898.4375,12260000.0,1893807968.75,28684725000.0,0.0,0.0,-99.99999776482582,51678615000.0,30194862500.0,17905886250.0,1702906093.75,37821.0,5363428125.0,3378740000.0,4465371875.0,40329062500.0,27171622500.0,24427205000.0,908228046.875,77640996.09375,258870996.09375,-857367031.25,-328787031.25,4828705000.0,75439003.90625,-82760000.0,-72902001.953125,26462477500.0,7.217000007629394,9.0,548825898.4375,1,3803363476.171875,3803363476.171875,1.0,True,True,True
0,000752,273,10.86,10.86,10.86,10.92,10.82,11:29:53.490,11298915,-1086,9827,25,10665618.0,5836,3991,0,1086,10.86,10.87,93,157,10.85,10.88,201,595,10.84,10.89,113,228,10.83,10.9,422,242,10.82,10.91,479,182,"(53,)",0,0,0,0,-0.08,273,263758496.09375,31,37,20260126,19970625,263758496.09375,12150000.0,239918691.40625,2994596250.0,0.0,0.0,5500.00011920929,14077498750.0,10596365000.0,1422501875.0,52510996.09375,15873.0,2012317031.25,5583532500.0,5458403750.0,6147163750.0,3251251875.0,1861976875.0,101999.99809265137,2729940000.0,-22025000.0,1012953046.875,3992471250.0,353084023.4375,2773111875.0,2538514062.5,1449070000.0,-2641075000.0,2.3310000896453857,9.0,263758496.09375,1,2864417267.578125,2864417267.578125,1.0,True,True,True
0,000757,1020,5.33,5.29,5.29,5.34,5.27,11:29:56.808,11299468,-533,57236,13,30427288.0,23275,33961,0,661,5.33,5.34,577,3570,5.32,5.35,574,3159,5.31,5.36,722,1363,5.3,5.37,1322,312,5.29,5.38,1911,1561,"(53,)",0,0,0,0,0.0,1020,532706015.625,23,7,20260203,19970627,532716093.75,15520000.0,-238920000.0,26295305000.0,0.0,0.0,799.9999821186066,24612977500.0,16131237500.0,4956723125.0,268008007.8125,25602.0,7953511875.0,0.0,14941710000.0,15921430000.0,21830527500.0,19042347500.0,1382586093.75,533989023.4375,-24891999.51171875,2313384062.5,-387601015.625,3970282812.5,535331992.1875,427751992.1875,427751992.1875,-4754953125.0,2.989000082015991,9.0,532706015.625,1,2839323063.28125,2839323063.28125,1.0,True,True,True
0,000779,1344,9.26,9.19,9.16,9.32,9.12,11:29:54.450,11299075,-926,95528,7,88443784.0,40321,55207,0,6760,9.25,9.27,511,406,9.24,9.28,426,182,9.23,9.29,455,282,9.22,9.3,377,901,9.21,9.31,346,1128,"(692,)",0,0,0,0,0.11,1344,464774687.5,4,21,20260202,19970528,464829492.1875,22740000.0,1803250312.5,13703638750.0,0.0,0.0,3400.000035762787,54431595000.0,36403130000.0,9743534375.0,1895450937.5,28201.0,13071415000.0,63659003.90625,17075442500.0,39525340000.0,14147545000.0,8970488125.0,16131237500.0,1931600000.0,70071997.0703125,-1232324062.5,-5019246875.0,374325000.0,1929210937.5,1576535000.0,1577157031.25,16996668750.0,8.503000259399414,9.0,464774687.5,1,4303813606.25,4303813606.25,1.0,True,True,True
0,000788,1043,6.41,6.36,6.36,6.42,6.33,11:29:56.160,11299360,-641,82452,2,52655040.0,36601,45851,0,757,6.4,6.41,1136,1717,6.39,6.42,2126,2149,6.38,6.43,1620,2693,6.37,6.44,1051,2718,6.36,6.45,1701,3284,"(52,)",0,0,0,0,0.16,1043,595987382.8125,25,34,20251031,19970616,595987382.8125,12270000.0,1303649921.875,15343302500.0,0.0,0.0,2300.000041723252,20988900000.0,17561792500.0,1180740000.0,1244600000.0,49362.0,4628678750.0,-6462999.877929688,1991728906.25,16149765000.0,12311932500.0,8984228125.0,7565805000.0,1640377968.75,24718999.0234375,1317382968.75,356481015.625,1440501875.0,1666556093.75,1359805937.5,1359805937.5,7502355000.0,2.7100000381469727,9.0,595987382.8125,1,3820279123.828125,3820279123.828125,0.8,True,True,True
0,000789,709,5.69,5.69,5.7,5.72,5.62,11:29:56.592,11299432,-569,43533,10,24733254.0,20773,22761,0,752,5.69,5.7,1281,311,5.68,5.71,4996,1464,5.67,5.72,216,1669,5.66,5.73,245,1011,5.65,5.74,652,1563,"(4213,)",0,0,0,0,-0.17,709,797407421.875,22,22,20251030,19970923,797407421.875,12300000.0,69781401.3671875,40180030000.0,0.0,0.0,99.99999776482582,157993820000.0,71804855000.0,60604180000.0,15273600000.0,46758.0,41172380000.0,33524947500.0,519483007.8125,65903920000.0,33277070000.0,28063987500.0,14790675000.0,696330000.0,173346992.1875,4155935000.0,1696203906.25,4626043125.0,749400937.5,170893984.375,74853999.0234375,53907990000.0,8.07699966430664,9.0,797407421.875,1,4537248230.46875,4537248230.46875,1.0,True,True,True
0,000790,1095,4.13,4.08,4.1,4.14,4.04,11:29:57.528,11299588,-413,124087,6,50974180.0,44063,80025,0,5367,4.13,4.14,1220,7277,4.12,4.15,1897,3013,4.11,4.16,644,2483,4.1,4.17,1014,5530,4.09,4.18,880,2394,"(3893,)",0,0,0,0,0.24,1095,622614609.375,23,34,20251030,19980327,623719414.0625,12270000.0,57378701.171875,6630792500.0,0.0,0.0,-1599.9999642372131,18617050000.0,5462131875.0,4569807812.5,1762167031.25,36981.0,8000481250.0,174715000.0,662902031.25,9323530000.0,4573846250.0,2493496093.75,2701561875.0,-916119062.5,-250587988.28125,-103406992.1875,-499964023.4375,601727968.75,-929417031.25,-971142031.25,-977851953.125,1181117031.25,1.4950000047683716,9.0,622614609.375,1,2571398336.71875,2571398336.71875,0.95,True,True,True
0,000809,686,3.5,3.51,3.53,3.53,3.48,11:29:57.906,11299651,-350,58566,79,20483724.0,34107,24460,0,1610,3.5,3.51,373,3039,3.49,3.52,1606,2927,3.48,3.53,3220,3127,3.47,3.54,2774,3811,3.46,3.55,2678,3822,"(3253,)",0,0,0,0,0.0,686,824791328.125,5,43,20260128,19980616,824791328.125,12380000.0,-784303671.875,850060937.5,0.0,0.0,-599.9999865889549,29091562500.0,11341165000.0,2880765000.0,785295000.0,28743.0,2259767031.25,102337001.953125,827658984.375,26705950000.0,1026855000.0,1081921953.125,1093117968.75,-490585976.5625,-88682001.953125,-538428984.375,-8379345000.0,673530000.0,-490568984.375,-504616992.1875,-499100000.0,15662545000.0,3.23799991607666,9.0,824791328.125,1,2886769648.4375,2886769648.4375,1.0,True,True,True
0,000862,1304,6.3,6.38,6.39,6.39,6.26,11:29:56.226,11299371,-630,93614,10,58925408.0,52983,40632,1,2748,6.29,6.3,801,60,6.28,6.31,2569,156,6.27,6.32,1986,85,6.26,6.33,2292,600,6.25,6.34,3133,884,"(3892,)",0,0,0,0,0.0,1304,627967109.375,14,16,20251025,19980915,917954687.5,13440000.0,1905295937.5,9301226250.0,0.0,0.0,2599.9999046325684,88700810000.0,24756315000.0,59815320000.0,771965000.0,47122.0,30934397500.0,810438984.375,34312715000.0,44831955000.0,9752275625.0,5992065000.0,23336837500.0,2663018125.0,27045998.53515625,10441881875.0,-55542998.046875,365303007.8125,2661598125.0,2429415937.5,2374515000.0,1095880000.0,4.883999824523926,9.0,627967109.375,1,3956192789.0625,3956192789.0625,0.85,True,True,True
0,000868,544,4.94,4.92,4.92,4.95,4.9,11:29:57.042,11299507,-494,49885,7,24581376.0,21957,27928,0,1663,4.93,4.94,1669,13749,4.92,4.95,9751,7973,4.91,4.96,3489,2944,4.9,4.97,2616,1713,4.89,4.98,1996,1519,"(436,)",0,0,0,0,0.0,544,733328437.5,24,7,20260202,19970725,939514765.625,12360000.0,-53590000.0,16942357500.0,0.0,0.0,-99.99999776482582,42529620000.0,31963450000.0,5798238125.0,1611162968.75,46856.0,33051490000.0,355196015.625,13122737500.0,8513180000.0,24459747500.0,22500055000.0,12694221250.0,-202545000.0,44962998.046875,-344330000.0,-503816992.1875,3739693125.0,-198098007.8125,-199336992.1875,-86578994.140625,-14780481250.0,0.906000018119812,9.0,733328437.5,1,3622642481.2500005,3622642481.2500005,1.0,True,True,True
0,000889,1158,3.81,3.8,3.8,3.83,3.77,11:29:57.720,11299620,-381,115760,7,44029544.0,53121,62639,0,4013,3.81,3.82,1722,5680,3.8,3.83,1272,5101,3.79,3.84,1420,2983,3.78,3.85,1643,4197,3.77,3.86,1401,1149,"(2549,)",0,0,0,0,0.0,1158,869849687.5,11,24,20251031,19971218,936291093.75,18650000.0,-230992695.3125,10780760000.0,0.0,0.0,-299.99999329447746,8891875000.0,7087411875.0,434790000.0,5091000.061035156,38025.0,7896461250.0,1361999.969482422,14896637500.0,709770000.0,11859761250.0,10968132500.0,5859631875.0,-266486015.625,0.0,-230116992.1875,-360046015.625,333748007.8125,-304146992.1875,-293636015.625,-293384003.90625,-24594235000.0,0.0759999975562095,9.0,869849687.5,1,3314127309.375,3314127309.375,0.95,True,True,True
0,000897,981,2.3,2.31,2.31,2.32,2.27,11:29:58.626,11299771,-230,510252,23,116791872.0,347957,162296,0,2786,2.29,2.3,9467,367,2.28,2.31,16802,18809,2.27,2.32,19054,13465,2.26,2.33,18066,11770,2.25,2.34,11207,11406,"(5236,)",0,0,0,0,0.0,981,1617241562.5,9,11,20251029,19990422,1617272187.5,20700000.0,3713594375.0,16548512500.0,0.0,0.0,99.99999776482582,44871190000.0,41884860000.0,39073999.0234375,14785999.755859377,81953.0,13018590000.0,996550000.0,3092440937.5,30724975000.0,3074664062.5,2020710937.5,453641015.625,322960000.0,141643994.140625,-6625740625.0,-6053063125.0,33521777500.0,311161015.625,145158994.140625,181963007.8125,10603522500.0,1.899999976158142,9.0,1617241562.5,1,3719655593.7499995,3719655593.7499995,0.9,True,True,True
0,000906,698,6.24,6.24,6.23,6.25,6.17,11:29:56.262,11299377,-624,22399,1,13926690.0,13201,9198,0,1146,6.23,6.24,1375,1250,6.22,6.25,1328,2772,6.21,6.26,1879,1482,6.2,6.27,1162,1927,6.19,6.28,1184,1470,"(756,)",0,0,0,0,0.0,698,701239765.625,28,12,20251025,19990707,709663203.125,21720000.0,3620042500.0,1472104480000.0,0.0,0.0,2300.000041723252,533931960000.0,502259600000.0,14477731250.0,4572969062.5,28465.0,414844360000.0,37929427500.0,8543915625.0,57559240000.0,1706224320000.0,1692114400000.0,73461325000.0,6247128125.0,3002943125.0,-55241460000.0,-5369332500.0,200738780000.0,6235861250.0,4499994062.5,1900270000.0,28120740000.0,6.702000141143799,9.0,701239765.625,1,4375736137.5,4375736137.5,1.0,True,True,True
0,000910,606,7.87,7.85,7.87,7.92,7.82,11:29:55.284,11299214,-787,27108,7,21356800.0,13360,13748,0,1070,7.86,7.87,17,312,7.85,7.88,272,491,7.84,7.89,729,399,7.83,7.9,353,1484,7.82,7.91,383,650,"(52,)",0,0,0,0,0.13,606,547184492.1875,26,4,20251030,19990630,547397500.0,12200000.0,1340603281.25,37723055000.0,0.0,0.0,1299.9999523162842,97451220000.0,71187340000.0,14824025000.0,4766975000.0,17629.0,27499312500.0,1489048125.0,2433890937.5,67172980000.0,34039287500.0,25232287500.0,15925348750.0,754133984.375,74832001.953125,-200743984.375,-449591015.625,18121395000.0,744452968.75,540000976.5625,731730000.0,55944305000.0,12.270999908447266,9.0,547184492.1875,1,4306341953.515625,4306341953.515625,1.0,True,True,True
0,000919,1278,7.79,7.74,7.74,7.85,7.68,11:29:55.332,11299222,-779,75844,6,58884380.0,36335,39509,0,1370,7.79,7.8,58,504,7.78,7.81,279,451,7.77,7.82,282,211,7.76,7.83,495,312,7.75,7.84,267,645,"(117,)",0,0,0,0,0.0,1278,621766718.75,26,34,20260202,19991118,621924492.1875,12270000.0,767564531.25,25305950000.0,0.0,0.0,1099.9999940395355,60239970000.0,35439652500.0,13646337500.0,3228650000.0,33513.0,9606682500.0,10547395000.0,10882738750.0,37923630000.0,23801430000.0,18886112500.0,5146471875.0,896028046.875,135212001.953125,892921953.125,-5769676250.0,2671485000.0,897111015.625,748181953.125,684582968.75,16668992500.0,6.079999923706055,9.0,621766718.75,1,4843562739.0625,4843562739.0625,1.0,True,True,True
0,000926,919,2.34,2.36,2.36,2.36,2.31,11:29:58.602,11299767,-234,194210,100,45303936.0,109215,84996,0,1539,2.34,2.35,4535,418,2.33,2.36,11022,15593,2.32,2.37,9770,10798,2.31,2.38,14439,13082,2.3,2.39,7372,7588,"(3381,)",0,0,0,0,-0.42,919,1573209218.75,19,11,20260204,19990618,1592964843.75,20700000.0,166303398.4375,22807670000.0,0.0,0.0,-5400.000214576721,278625120000.0,216095500000.0,5337643125.0,479390000.0,41600.0,135073560000.0,8823275000.0,23553630000.0,86265110000.0,10161336875.0,8856178125.0,3268735937.5,-7508906250.0,-804685000.0,2176582031.25,628012968.75,180122040000.0,-7568706250.0,-8818567500.0,-8669931250.0,34140490000.0,5.414999961853027,9.0,1573209218.75,1,3681309571.875,3681309571.875,1.0,True,True,True
0,000929,205,9.94,9.99,10.01,10.02,9.9,11:29:54.042,11299007,-994,9915,130,9850239.0,6801,3114,0,360,9.93,9.95,75,109,9.92,9.97,454,8,9.91,9.98,452,126,9.9,9.99,627,280,9.89,10.0,74,930,"(53,)",0,0,0,0,-0.19,205,185754199.21875,4,37,20260206,19990623,185765996.09375,12150000.0,-386837890.625,1779108750.0,0.0,0.0,599.9999865889549,11185596250.0,4897960000.0,1433663906.25,481355000.0,10939.0,3318055000.0,3141725000.0,1844118906.25,4673251250.0,2194464062.5,1749570000.0,775328984.375,-178735996.09375,31282998.046875,-1338027968.75,164468984.375,1896496093.75,-221856015.625,-221826992.1875,109282998.046875,1030261015.625,2.5160000324249268,9.0,185754199.21875,1,1846396740.234375,1846396740.234375,1.0,True,True,True
0,000931,1040,5.34,5.3,5.31,5.36,5.26,11:29:56.802,11299467,-534,113523,203,60567888.0,61285,52239,0,20619,5.33,5.34,1934,90,5.32,5.35,1050,1830,5.31,5.36,228,3184,5.3,5.37,959,1247,5.29,5.38,177,1738,"(4020,)",0,0,0,0,0.0,1040,751029531.25,7,34,20251030,19990712,753127031.25,12270000.0,516290390.625,19298437500.0,0.0,0.0,700.0000029802322,38161262500.0,17410130000.0,8555215000.0,1172412031.25,68039.0,13703623750.0,2286338125.0,15760287500.0,16378623750.0,18824625000.0,7597725000.0,10745945000.0,848296015.625,-16825999.755859375,232561015.625,429285000.0,2020700000.0,838955000.0,612535000.0,494912968.75,-7468765000.0,2.174999952316284,9.0,751029531.25,1,4010497696.875,4010497696.875,0.95,True,True,True
0,000952,1306,8.14,8.04,8.04,8.21,8.0,11:29:55.122,11299187,-814,70985,1,57685556.0,33685,37300,0,2838,8.13,8.14,29,84,8.12,8.15,328,67,8.11,8.16,548,111,8.1,8.17,1019,130,8.09,8.18,540,111,"(52,)",0,0,0,0,0.25,1306,343993984.375,19,34,20260203,19991112,346750390.625,12270000.0,-1585755937.5,4621936250.0,0.0,0.0,-2800.000011920929,25803247500.0,8218617500.0,14395306250.0,2052715000.0,31564.0,12252257500.0,-22303000.48828125,3654192187.5,9654307500.0,4292637187.5,3030734062.5,1450900000.0,-1050121015.625,187998007.8125,476428984.375,-549981992.1875,3173477812.5,-1069857031.25,-1070283984.375,-972986015.625,1100932968.75,2.7839999198913574,9.0,343993984.375,1,2800111032.8125,2800111032.8125,0.7,True,True,True
0,000953,841,7.32,7.31,7.31,7.34,7.26,11:29:55.614,11299269,-732,35676,21,26087108.0,16304,19372,0,1901,7.31,7.32,634,1440,7.3,7.33,1059,1253,7.29,7.34,1266,1173,7.28,7.35,905,1381,7.27,7.36,448,868,"(52,)",0,0,0,0,0.14,841,366122187.5,10,34,20251028,19991202,366122187.5,12270000.0,792887187.5,1666951250.0,0.0,0.0,199.99999552965164,2721195000.0,1116482031.25,1339192031.25,207088984.375,35836.0,908855937.5,176228007.8125,5053053125.0,1541363906.25,1294521015.625,1060985000.0,154749003.90625,85203994.140625,0.0,427245000.0,-426237031.25,344006015.625,84927001.953125,86521992.1875,79331000.9765625,-7313261250.0,0.4210000038146972,9.0,366122187.5,1,2680014412.5,2680014412.5,0.95,True,True,True
0,000955,1180,5.86,5.88,5.87,5.89,5.79,11:29:56.490,11299415,-586,82616,2,48212740.0,47022,35594,0,4766,5.85,5.86,551,1064,5.84,5.87,502,2137,5.83,5.88,295,1549,5.82,5.89,597,1707,5.81,5.9,1153,1059,"(52,)",0,0,0,0,0.17,1180,537993007.8125,30,15,20260203,19991209,538395000.0,12170000.0,-138664697.265625,3933412187.5,0.0,0.0,0.0,8579575000.0,4523026875.0,2480725937.5,758115000.0,47466.0,987132031.25,567220000.0,4896810000.0,6483218125.0,3332598750.0,3009252812.5,727395000.0,-9419000.244140623,22616999.51171875,-238725000.0,-1395194062.5,819767968.75,-12283999.0234375,-13282000.732421877,2302000.1220703125,-3797542187.5,1.2039999961853027,9.0,537993007.8125,1,3152639025.78125,3152639025.78125,0.95,True,True,True
0,000965,1150,4.13,4.16,4.16,4.16,4.08,11:29:57.528,11299588,-413,148094,88,60783272.0,84168,63927,1,3507,4.12,4.13,202,1468,4.11,4.14,2295,1918,4.1,4.15,2688,2276,4.09,4.16,9434,1637,4.08,4.17,11983,2406,"(4532,)",0,0,0,0,0.49,1150,1109830937.5,9,11,20251025,20000406,1109830937.5,20700000.0,8900900.268554688,15677013750.0,0.0,0.0,599.9999865889549,154942000000.0,130833400000.0,3641360000.0,21923000.48828125,54637.0,54009020000.0,11759113750.0,23128160000.0,54939270000.0,23200435000.0,21292815000.0,1184761015.625,1080363984.375,295296992.1875,-9463388125.0,2766598125.0,105394100000.0,1083219062.5,1114171953.125,646110000.0,17783656250.0,4.949999809265137,9.0,1109830937.5,1,4583601771.875,4583601771.875,0.85,True,True,True
0,000978,1135,7.37,7.34,7.35,7.38,7.2,11:29:55.584,11299264,-737,58485,1,42527840.0,32570,25915,0,2264,7.36,7.37,211,12,7.35,7.38,41,712,7.34,7.39,154,627,7.33,7.4,101,279,7.32,7.41,81,141,"(692,)",0,0,0,0,0.0,1135,468118789.0625,10,10,20260204,20000518,468130000.0,23780000.0,68030698.2421875,3421115000.0,0.0,0.0,799.9999821186066,22774475000.0,3170325000.0,9766786250.0,3141549062.5,29461.0,5511138125.0,-1791999.969482422,13288500000.0,11077627500.0,3387684062.5,2267427968.75,687981953.125,368987968.75,221211015.625,1076416015.625,1442442031.25,42857998.046875,426225000.0,334403007.8125,357676992.1875,-7813477500.0,2.365999937057495,9.0,468118789.0625,1,3450035475.390625,3450035475.390625,1.0,True,True,True
0,000985,674,21.34,21.38,21.46,21.47,21.12,11:29:47.202,11297867,-2134,8861,3,18860992.0,4466,4395,0,1116,21.33,21.34,4,13,21.32,21.35,2,29,21.31,21.36,29,17,21.3,21.39,1,7,21.28,21.4,6,1,"(52,)",0,0,0,0,0.0,674,129639501.953125,1,19,20251030,20000726,129639501.953125,12260000.0,311297304.6875,15052927500.0,0.0,0.0,1000.0000149011612,7293781250.0,4414131875.0,2368573125.0,122406005.859375,12622.0,1043640000.0,0.0,2909072187.5,6149943125.0,14318850000.0,13457551250.0,0.0,175345000.0,0.0,1183071015.625,768870000.0,359526015.625,176336992.1875,132253007.8125,132253007.8125,1250174062.5,4.74399995803833,9.0,129639501.953125,1,2766506971.6796875,2766506971.6796875,0.95,True,True,True
0,001201,535,15.0,15.13,15.13,15.16,14.97,11:29:51.006,11298501,-1500,11752,7,17645838.0,8034,3719,0,106,15.0,15.01,23,30,14.99,15.02,67,49,14.98,15.03,393,37,14.97,15.04,78,109,14.96,15.05,207,122,"(4981,)",0,0,0,0,-0.06,535,203134609.375,12,17,20251031,20210428,257784003.90625,10030000.0,-769769609.375,10658586250.0,0.0,0.0,399.9999910593033,62069500000.0,15217467500.0,39648027500.0,292557011.71875,17738.0,16126097500.0,34490000.0,27323735000.0,33970587500.0,15997973750.0,13086522500.0,59460000.0,149610996.09375,-22181000.9765625,1357055000.0,-111141005.859375,8924263125.0,131989003.90625,112746992.1875,114675000.0,3657101875.0,13.178000450134276,9.0,203134609.375,1,3047019140.625,3047019140.625,1.0,True,True,True
0,001205,820,16.27,16.27,16.27,16.35,16.22,11:29:50.244,11298374,-1627,14489,4,23592644.0,5959,8530,0,862,16.27,16.29,319,79,16.26,16.3,335,30,16.25,16.31,302,83,16.24,16.32,342,691,16.23,16.33,240,245,"(53,)",0,0,0,0,-0.11,820,159502304.6875,26,8,20260105,20210513,188003496.09375,16550000.0,1347378750.0,11307730000.0,0.0,0.0,3899.999856948853,45663580000.0,4999668125.0,35990905000.0,0.0,13486.0,11388382500.0,1618715937.5,10079421250.0,21196877500.0,10794996250.0,8268193750.0,1232661015.625,898346953.125,-101000.00381469728,3440285937.5,-1358525000.0,682492031.25,925208984.375,774125937.5,732625000.0,8351121875.0,11.072999954223633,9.0,159502304.6875,1,2595102497.265625,2595102497.265625,1.0,True,True,True
0,001211,882,29.58,29.65,29.82,29.83,29.52,11:29:42.258,11297043,-2958,8853,3,26258896.0,4634,4219,-1,8350,29.59,29.6,1,3,29.58,29.61,60,7,29.57,29.63,9,8,29.56,29.66,32,12,29.55,29.67,47,9,"(53,)",0,0,0,0,-0.16,882,66996601.5625,28,4,20251216,20210805,72000000.0,12200000.0,141532597.65625,9277658750.0,0.0,0.0,1099.9999940395355,18562936250.0,7944556875.0,7429750000.0,1437019062.5,8642.0,8079253125.0,98282998.046875,4871682812.5,8642990625.0,10832132500.0,7268290000.0,2425667968.75,48005000.0,966999.969482422,260962011.71875,-988500000.0,3371823750.0,36031000.9765625,82667001.953125,84384003.90625,2999466875.0,12.003999710083008,9.0,66996601.5625,1,1981759474.21875,1981759474.21875,0.95,True,True,True
0,001216,1198,18.64,18.81,18.81,19.13,18.56,11:29:48.822,11298137,-1864,44792,10,84140744.0,24431,20361,-1,5173,18.63,18.64,61,20,18.62,18.65,48,27,18.61,18.66,165,8,18.6,18.67,331,169,18.59,18.68,213,1,"(53,)",0,0,0,0,-0.15,1198,246023906.25,21,4,20251027,20211019,251866699.21875,12300000.0,1685051718.75,9824150625.0,0.0,0.0,7500.0,21909947500.0,11746085000.0,5517945000.0,1043637031.25,16295.0,2731633125.0,92805000.0,5565220000.0,18083686250.0,11329422500.0,7523440000.0,1340437031.25,2155400937.5,97610000.0,2897410937.5,3347746250.0,1605111093.75,2134842968.75,1871238125.0,1890173125.0,9069475000.0,7.179999828338623,9.0,246023906.25,1,4585885612.5,4585885612.5,0.9,True,True,True
0,001219,883,15.14,15.03,15.03,15.15,14.9,11:29:50.922,11298487,-1514,16827,70,25245948.0,7600,9228,0,3051,15.13,15.14,530,156,15.12,15.15,229,246,15.11,15.16,230,49,15.1,15.17,30,72,15.09,15.18,23,319,"(3381,)",0,0,0,0,0.33,883,190122109.375,15,14,20251218,20211021,194983808.59375,12140000.0,866002812.5,3952648437.5,0.0,0.0,4799.999892711639,12862685000.0,9172463125.0,298750996.09375,138287998.046875,15060.0,2215989062.5,15780000.0,2629677812.5,10618410000.0,4234198125.0,2555420000.0,195153007.8125,1247632031.25,94852001.953125,1271298046.875,132181005.859375,229278007.8125,1237141015.625,928770000.0,927690000.0,5402407500.0,5.446000099182129,9.0,190122109.375,1,2878448735.9375,2878448735.9375,1.0,True,True,True
0,001222,747,22.85,22.46,22.45,22.87,22.41,11:29:46.296,11297716,-2285,8567,1,19449636.0,3479,5088,0,359,22.83,22.85,4,25,22.82,22.86,23,41,22.81,22.87,31,47,22.8,22.88,12,124,22.78,22.89,16,41,"(1332,)",0,0,0,0,-0.03,747,107409902.34375,28,50,20251030,20220818,190890000.0,12410000.0,1197396171.875,9307911250.0,0.0,0.0,6899.999976158142,18355050000.0,12269980000.0,4021885000.0,329321015.625,13616.0,2198059062.5,1837421093.75,4998876250.0,14245690000.0,12812965000.0,9867857500.0,3321832812.5,1693015000.0,8905000.0,165456015.625,-496581992.1875,3096636875.0,1685435000.0,1578659062.5,1302151953.125,6928080000.0,7.4629998207092285,9.0,107409902.34375,1,2454316268.5546875,2454316268.5546875,1.0,True,True,True
0,001229,839,38.9,38.21,38.36,39.0,38.21,11:29:36.666,11296111,-3890,6924,1,26746880.0,2926,3998,0,767,38.9,38.91,26,35,38.88,38.92,77,237,38.84,38.95,5,20,38.83,38.96,13,4,38.82,38.98,22,12,"(53,)",0,0,0,0,0.0,839,52679399.4140625,12,24,20251210,20220808,102451503.90625,12390000.0,521330898.4375,1173959296.875,0.0,0.0,4000.000059604645,10432030000.0,5996390000.0,1243937968.75,1390805000.0,12887.0,678675937.5,2162999.8779296875,5759066250.0,9729543125.0,1322040000.0,474270000.0,631331015.625,480124023.4375,24800000.0,870094062.5,464371015.625,282146992.1875,476593007.8125,401884023.4375,401953984.375,2595142031.25,9.729000091552734,9.0,52679399.4140625,1,2049228637.2070312,2049228637.2070312,0.95,True,True,True
0,001230,1577,26.03,26.61,26.78,26.78,25.98,11:29:44.388,11297398,-2603,32603,10,85819352.0,19832,12771,0,20567,26.03,26.06,26,8,26.01,26.08,58,6,26.0,26.09,58,10,25.99,26.1,8,13,25.98,26.11,33,17,"(1333,)",0,0,0,0,-0.18,1577,78557299.8046875,24,39,20260120,20220715,134226103.515625,23780000.0,1141967812.5,11472108750.0,0.0,0.0,9399.999976158142,32887570000.0,21295415000.0,3220869062.5,5700095000.0,13338.0,6634843125.0,1020432968.75,11436615000.0,19314062500.0,11762560000.0,8548756250.0,12213511250.0,1636337968.75,124412998.046875,476800976.5625,1908670000.0,821340000.0,1597432968.75,1426245937.5,1248803046.875,6367376250.0,14.388999938964844,9.0,78557299.8046875,1,2044846513.9160156,2044846513.9160156,0.85,True,True,True
0,001234,530,28.12,27.97,28.21,28.26,27.78,11:29:43.134,11297189,-2812,5488,17,15393531.0,2876,2612,0,3413,28.12,28.13,1,84,28.11,28.14,1,65,28.09,28.15,18,204,28.07,28.17,21,10,28.06,28.18,42,71,"(52,)",0,0,0,0,0.04,530,91520498.046875,26,41,20251027,20220111,109413701.171875,12180000.0,650215781.25,6651598750.0,0.0,0.0,3199.9999284744263,11591827500.0,7478561875.0,3066355000.0,258588984.375,18999.0,2418536875.0,0.0,5735357500.0,9130971875.0,6237980000.0,5179585937.5,2238290000.0,377510000.0,35661999.51171875,252003007.8125,-731165000.0,1445854062.5,374088984.375,345435000.0,345435000.0,2115535000.0,8.345000267028809,9.0,91520498.046875,1,2573556405.078125,2573556405.078125,0.9,True,True,True
0,001239,890,16.94,16.98,16.94,17.04,16.93,11:29:49.842,11298307,-1694,18014,14,30566864.0,9046,8968,0,1271,16.93,16.94,1246,24,16.92,16.95,50,51,16.9,16.96,61,103,16.89,16.97,368,6,16.88,16.98,76,84,"(1588,)",0,0,0,0,-0.11,890,114000000.0,21,26,20260106,20231212,240000000.0,12330000.0,451594687.5,4276168437.5,0.0,0.0,3000.0001192092896,41345352500.0,31630185000.0,6489200000.0,1387754062.5,17977.0,12345295000.0,6756435000.0,7794892500.0,13781467500.0,15259387500.0,13019432500.0,8544400625.0,1479885000.0,46947001.953125,44796000.9765625,103350000.0,9106222500.0,1480117968.75,1299587031.25,719518984.375,3295787812.5,5.742000102996826,9.0,114000000.0,1,1931160000.0000002,1931160000.0000002,0.95,True,True,True
0,001256,720,22.45,22.39,22.53,22.55,22.26,11:29:46.536,11297756,-2245,5891,1,13220459.0,2772,3119,0,406,22.44,22.45,8,5,22.43,22.46,10,28,22.42,22.47,18,151,22.41,22.48,28,6,22.4,22.49,23,15,"(52,)",0,0,0,0,-0.03,720,106912597.65625,28,26,20251230,20221205,142612597.65625,12350000.0,801469062.5,3821193125.0,0.0,0.0,5699.999928474426,15851830000.0,8290665625.0,2580215000.0,446477968.75,9526.0,3644715937.5,0.0,6984185000.0,12086705000.0,4095555937.5,2719830000.0,132250000.0,933717968.75,150687001.953125,650085000.0,-283720000.0,2062626875.0,933448046.875,811181953.125,811181953.125,3332685000.0,8.475000381469727,9.0,106912597.65625,1,2400187817.3828125,2400187817.3828125,1.0,True,True,True
0,001259,783,34.03,34.15,34.36,34.44,33.88,11:29:39.588,11296598,-3403,8097,8,27582806.0,4808,3289,0,2783,34.02,34.04,1,1,34.0,34.06,5,1,33.93,34.07,3,1,33.91,34.08,3,1,33.89,34.09,13,9,"(53,)",0,0,0,0,-0.05,783,47544501.953125,7,23,20251211,20220831,73588901.3671875,12380000.0,100983701.171875,2623686250.0,0.0,0.0,599.9999865889549,8388121875.0,4002323750.0,232149003.90625,563276992.1875,6584.0,1009308984.375,45142998.046875,3985730000.0,7142430000.0,2869056875.0,2082714062.5,559448007.8125,-7397000.122070312,0.0,140153007.8125,-1526920937.5,800687031.25,-8194000.244140625,33755000.0,41639003.90625,2414732968.75,9.706000328063965,9.0,47544501.953125,1,1617939401.4648438,1617939401.4648438,0.85,True,True,True
0,001279,394,34.92,34.94,35.05,35.05,34.82,11:29:39.054,11296509,-3492,2083,3,7279415.0,1147,936,0,736,34.9,34.94,34,2,34.89,34.95,2,60,34.88,34.96,92,12,34.86,34.97,13,27,34.85,34.98,27,10,"(53,)",0,0,0,0,0.0,394,40000000.0,24,46,20251117,20241011,160000000.0,12230000.0,695181562.5,11172548750.0,0.0,0.0,2800.000011920929,16595897500.0,13280020000.0,1073801953.125,123543994.140625,17938.0,6392563125.0,-1630000.0,4915135937.5,10079125000.0,10711821250.0,9648822500.0,2487977968.75,488273007.8125,57100000.0,3593193125.0,2202525000.0,1559287031.25,486410976.5625,453977968.75,455608984.375,3233600000.0,6.298999786376953,9.0,40000000.0,1,1396800000.0,1396800000.0,1.0,True,True,True
0,001299,777,13.28,13.33,13.34,13.4,13.15,11:29:52.038,11298673,-1328,20494,6,27185084.0,10732,9763,0,4069,13.28,13.29,89,3,13.27,13.3,138,47,13.26,13.31,247,30,13.25,13.32,48,65,13.23,13.33,113,2,"(4533,)",0,0,0,0,0.0,777,218400898.4375,8,42,20260204,20221031,242638593.75,13450000.0,545945000.0,4389460000.0,0.0,0.0,2700.0001072883606,15886770000.0,8480475000.0,4532040937.5,345698007.8125,17016.0,3960998125.0,0.0,4531080000.0,11816022500.0,5148103125.0,4134128125.0,219299003.90625,794537031.25,83275000.0,110331992.1875,-1711271093.75,144650996.09375,796512031.25,659825937.5,662687031.25,4737032812.5,4.869999885559082,9.0,218400898.4375,1,2900363931.25,2900363931.25,0.8,True,True,True
0,001300,955,17.55,17.2,17.2,17.72,17.12,11:29:49.476,11298246,-1755,25350,9,44415044.0,9627,15723,0,3784,17.54,17.55,100,73,17.52,17.59,6,52,17.5,17.6,33,158,17.49,17.61,6,25,17.46,17.62,30,4,"(52,)",0,0,0,0,-0.33,955,243775898.4375,15,50,20251028,20221019,243775898.4375,12240000.0,206806191.40625,3998444062.5,0.0,0.0,-199.99999552965164,12715986250.0,10105921875.0,1204460000.0,413816015.625,14065.0,1975836875.0,51178999.0234375,6151268125.0,10360850000.0,3509369062.5,2860525000.0,857860000.0,-104112001.953125,83971992.1875,-134275996.09375,238155000.0,1255792031.25,-110012998.046875,-55608002.9296875,-46001000.9765625,1604180937.5,4.25,9.0,243775898.4375,1,4278267017.578125,4278267017.578125,1.0,True,True,True
0,001324,616,19.58,19.6,19.71,19.76,19.53,11:29:48.258,11298043,-1958,8601,11,16881588.0,5390,3211,0,5952,19.57,19.63,2,36,19.56,19.64,16,48,19.55,19.65,49,152,19.54,19.66,55,42,19.53,19.67,11,6,"(53,)",0,0,0,0,-0.19,616,81653598.6328125,26,8,20260203,20230522,138000000.0,12370000.0,487124804.6875,3295152812.5,0.0,0.0,2700.0001072883606,13724873750.0,10454465000.0,1228967968.75,237400996.09375,14391.0,2287682031.25,83099003.90625,6762825000.0,11337186250.0,3355478125.0,2337663125.0,3727948125.0,416939023.4375,7735999.755859375,91662998.046875,-342336015.625,1687945000.0,408626992.1875,379278007.8125,366735000.0,2961165000.0,8.21500015258789,9.0,81653598.6328125,1,1598777461.2304685,1598777461.2304685,0.95,True,True,True
0,001328,761,42.35,42.61,42.56,42.88,41.75,11:29:34.596,11295766,-4235,6942,3,29221182.0,4585,2357,0,2085,42.28,42.36,2,7,42.27,42.37,1,6,42.26,42.39,2,15,42.25,42.4,6,1,42.24,42.42,2,3,"(52,)",0,0,0,0,0.31,761,46031201.171875,25,19,20260205,20230410,172173808.59375,12260000.0,1179377265.625,10529210000.0,0.0,0.0,7900.000214576721,19855512500.0,14094235000.0,1725075000.0,201690996.09375,10577.0,4742505000.0,0.0,9969761250.0,14612235000.0,12282890000.0,6080300000.0,327649003.90625,1509865937.5,175585000.0,1768436875.0,-2687472187.5,1836335000.0,1539380000.0,1358804062.5,1358804062.5,2085965937.5,8.487000465393066,9.0,46031201.171875,1,1949421369.6289062,1949421369.6289062,0.75,True,True,True
0,001332,719,56.78,57.25,57.28,57.3,56.55,11:29:25.938,11294323,-5678,5348,3,30427970.0,3241,2107,0,1489,56.7,56.78,50,14,56.68,56.8,15,11,56.67,56.81,1,11,56.66,56.84,2,8,56.65,56.88,26,4,"(52,)",0,0,0,0,0.14,719,48003500.9765625,26,26,20260203,20220920,110490000.0,12330000.0,2077995625.0,11719417500.0,0.0,0.0,18099.99942779541,35235130000.0,27960422500.0,4869971250.0,1053478984.375,10007.0,9428709375.0,0.0,13514081250.0,25558005000.0,9635524375.0,6146503750.0,4745625000.0,2394890000.0,90371005.859375,876180000.0,1047896953.125,6373280000.0,2389967968.75,1996335000.0,1996335000.0,10258288125.0,23.131999969482425,9.0,48003500.9765625,1,2725638785.4492188,2725638785.4492188,0.95,True,True,True
0,001356,613,12.71,12.68,12.71,12.71,12.63,11:29:52.380,11298730,-1271,11493,11,14572132.0,5274,6219,0,1411,12.7,12.71,31,178,12.69,12.72,154,313,12.68,12.73,67,370,12.67,12.74,209,260,12.66,12.75,228,642,"(2612,)",0,0,0,0,0.08,613,200646796.875,28,47,20260122,20250123,589320000.0,12290000.0,1640456562.5,17064597500.0,0.0,0.0,1400.0000059604645,24999640000.0,11937850000.0,7170063125.0,1847392031.25,35680.0,3564812812.5,-31100000.0,6374466250.0,20412442500.0,15093320000.0,12301300000.0,2517477968.75,909313984.375,17933000.48828125,40721999.51171875,1245037031.25,4967585937.5,908566015.625,769533984.375,776907968.75,7499988125.0,3.46399998664856,9.0,200646796.875,1,2550220788.28125,2550220788.28125,0.95,True,True,True
0,001367,488,24.39,24.42,24.53,24.58,24.26,11:29:45.372,11297562,-2439,4544,1,11079082.0,2113,2431,0,2502,24.38,24.39,44,8,24.34,24.4,58,115,24.33,24.42,108,50,24.32,24.43,10,143,24.31,24.45,101,47,"(2100,)",0,0,0,0,0.0,488,39697700.1953125,28,34,20260203,20230410,152351201.171875,12270000.0,869501406.25,3200445937.5,0.0,0.0,5899.999737739563,15685162500.0,12249922500.0,1838772031.25,1175885000.0,10000.0,1188442968.75,0.0,7311306875.0,14321690000.0,3588671250.0,1952832031.25,607245000.0,1021926953.125,26610000.0,1072042031.25,-5328358750.0,1256930000.0,1023665000.0,882096015.625,882096015.625,5219732812.5,9.427000045776367,9.0,39697700.1953125,1,968226907.7636719,968226907.7636719,0.85,True,True,True
0,001378,627,25.12,25.17,25.23,25.39,25.07,11:29:44.934,11297489,-2512,8752,3,22095028.0,3520,5232,0,1211,25.11,25.12,1,4,25.1,25.15,34,3,25.09,25.16,41,1,25.08,25.17,4,22,25.07,25.18,66,22,"(53,)",0,0,0,0,-0.03,627,65759199.21875,12,47,20260202,20231030,133333603.515625,12290000.0,723584531.25,11329081250.0,0.0,0.0,4499.99988079071,23389880000.0,8922306875.0,6531213125.0,2132550937.5,13080.0,3747318125.0,0.0,9237653125.0,18834840000.0,11052685000.0,9578631250.0,540405000.0,657112968.75,118524003.90625,1513557031.25,-2866645000.0,1316487031.25,655757968.75,594958984.375,594958984.375,7908731250.0,14.12600040435791,9.0,65759199.21875,1,1651871084.375,1651871084.375,0.95,True,True,True
0,001380,711,23.46,23.4,23.36,23.64,23.35,11:29:45.930,11297655,-2346,9506,4,22374032.0,4147,5359,0,1518,23.46,23.48,1,6,23.45,23.49,27,90,23.44,23.5,24,772,23.43,23.51,56,7088,23.42,23.53,9,10,"(3125,)",0,0,0,0,0.0,711,88003896.484375,28,7,20260203,20230516,270854199.21875,12340000.0,1534913437.5,12341437500.0,0.0,0.0,7599.999904632568,28074360000.0,20575237500.0,4775823750.0,1504587968.75,19332.0,8752443125.0,447291015.625,7593488125.0,18544472500.0,14118281250.0,10141511250.0,7195781250.0,2316620000.0,32320998.53515625,1788284062.5,1061225937.5,2946241875.0,2347625000.0,2093295000.0,2045561875.0,7367343125.0,6.8470001220703125,9.0,88003896.484375,1,2064571411.5234375,2064571411.5234375,0.8,True,True,True
0,001387,862,15.13,15.11,15.15,15.19,15.01,11:29:50.928,11298488,-1513,14692,5,22225190.0,6332,8360,0,682,15.11,15.13,18,21,15.1,15.14,61,29,15.09,15.15,65,235,15.07,15.16,63,243,15.06,15.17,86,1393,"(2420,)",0,0,0,0,-0.06,862,113910302.734375,24,23,20251119,20240111,183030390.625,12380000.0,545692500.0,14047751250.0,0.0,0.0,2599.9999046325684,24275840000.0,18188437500.0,5191893125.0,420693984.375,14210.0,10891322500.0,428197031.25,7709100000.0,12507102500.0,14120536250.0,12446820000.0,4716334062.5,479941992.1875,20297999.267578125,1726617031.25,-1121336015.625,2054492968.75,482030000.0,471908984.375,463962031.25,2948624062.5,6.833000183105469,9.0,113910302.734375,1,1723462880.3710938,1723462880.3710938,0.9,True,True,True
0,001388,786,45.04,44.89,44.89,45.38,44.63,11:29:32.982,11295497,-4504,5583,2,25142018.0,2498,3085,0,3142,45.04,45.07,9,8,45.03,45.09,32,17,45.01,45.1,28,29,45.0,45.13,230,5,44.97,45.16,16,16,"(629,)",0,0,0,0,0.0,786,31200000.0,15,16,20251231,20250701,156000000.0,12390000.0,0.0,0.0,0.0,0.0,5400.000214576721,20003281250.0,17756281250.0,1436227968.75,188700000.0,24901.0,6027211250.0,0.0,5386005625.0,13939167500.0,6678847500.0,4433140000.0,5348761250.0,760646015.625,46895000.0,-172829003.90625,355821015.625,2081798125.0,759060000.0,705600000.0,705600000.0,6362386250.0,8.9350004196167,9.0,31200000.0,1,1405248000.0,1405248000.0,0.7,True,True,True
0,001395,451,43.94,44.11,44.33,44.44,43.9,11:29:33.642,11295607,-4394,3903,2,17168888.0,2078,1825,0,310,43.95,43.97,103,52,43.94,43.99,22,3,43.93,44.0,22,1,43.92,44.01,34,17,43.91,44.05,57,2,"(1397,)",0,0,0,0,0.0,451,46890000.0,3,26,20260202,20250127,87240000.0,12350000.0,1257572968.75,6175411250.0,0.0,0.0,16399.999856948853,21395622500.0,13120617500.0,2450235937.5,856660000.0,9736.0,9622943125.0,0.0,4220055000.0,11499713750.0,5392798125.0,3274943125.0,375753984.375,1555505000.0,124541005.859375,-270948007.8125,-1146528984.375,6399307500.0,1606411093.75,1393490937.5,1393490937.5,5786136250.0,13.720000267028809,9.0,46890000.0,1,2060346600.0,2060346600.0,0.95,True,True,True
0,002035,840,6.29,6.3,6.3,6.34,6.26,11:29:56.232,11299372,-629,41941,2,26430596.0,20510,21431,-1,2048,6.28,6.29,1171,2,6.27,6.3,1424,2006,6.26,6.31,1962,3959,6.25,6.32,1074,2849,6.24,6.33,929,1116,"(54,)",0,0,0,0,-0.15,840,780017968.75,12,23,20260203,20040901,847653593.75,12380000.0,4037911250.0,45755815000.0,0.0,0.0,4300.000071525574,69929010000.0,47161940000.0,14115885000.0,3069165000.0,36734.0,29685375000.0,437387031.25,225320996.09375,38859060000.0,41576452500.0,23576952500.0,7159831250.0,4049076250.0,209817988.28125,2995363125.0,-5316453125.0,7180834375.0,4068680000.0,3549930000.0,3557596250.0,27923850000.0,4.584000110626221,9.0,780017968.75,1,4906313023.4375,4906313023.4375,1.0,True,True,True
0,002069,1296,4.11,4.13,4.15,4.15,4.03,11:29:57.540,11299590,-411,141022,4,57650456.0,83459,57563,0,3747,4.11,4.12,2782,431,4.1,4.13,1113,2809,4.09,4.14,373,2104,4.08,4.15,1170,2826,4.07,4.16,1379,1114,"(501,)",0,0,0,0,-0.23,1296,710216171.875,5,17,20251030,20060928,711112187.5,10040000.0,-247521093.75,11664550000.0,0.0,0.0,-500.0000074505806,21943427500.0,15294717500.0,3865478125.0,655974062.5,30309.0,18580362500.0,353298007.8125,10231306875.0,181215000.0,10831532500.0,9226835000.0,1424813906.25,-100080000.0,16890000.0,637497031.25,-385863984.375,7091686250.0,-236721992.1875,-400655000.0,-323734003.90625,-19523067500.0,0.025000000372529,9.0,710216171.875,1,2918988466.40625,2918988466.40625,0.95,True,True,True
0,002084,1146,4.26,4.27,4.28,4.29,4.22,11:29:57.450,11299575,-426,77781,3,33121390.0,46639,31142,0,1451,4.26,4.27,876,2961,4.25,4.28,1126,2746,4.24,4.29,854,2258,4.23,4.3,1878,1782,4.22,4.31,1043,1559,"(2229,)",0,0,0,0,0.0,1146,644634492.1875,12,4,20251030,20061124,646056093.75,12330000.0,-45287099.609375,21551810000.0,0.0,0.0,-1000.0000149011612,32782912500.0,20828006250.0,7950836250.0,1229125000.0,31018.0,14875435000.0,1043900000.0,3728715000.0,13924992500.0,20396330000.0,17725501250.0,6126669375.0,-640646015.625,11770999.755859377,1458423125.0,1249778046.875,6852281250.0,-648325976.5625,-697062968.75,-622643007.8125,3502530000.0,2.1549999713897705,9.0,644634492.1875,1,2746142936.71875,2746142936.71875,0.9,True,True,True
0,002086,1378,2.34,2.31,2.31,2.34,2.29,11:29:58.602,11299767,-234,305171,757,70827296.0,130403,174769,0,1197,2.33,2.34,17050,41301,2.32,2.35,21938,25689,2.31,2.36,20721,23638,2.3,2.37,29139,8249,2.29,2.38,22565,6869,"(5172,)",0,0,0,0,0.43,1378,1581286093.75,15,17,20251031,20061128,1958946562.5,10040000.0,-696073906.25,2479113906.25,0.0,0.0,-500.0000074505806,16593181250.0,6250471875.0,8242555000.0,664080000.0,72503.0,1610395937.5,91228994.140625,19941255000.0,13260235000.0,2459684062.5,2451165000.0,796468046.875,-1040585000.0,810000.0,-1073542031.25,-582102968.75,2565857968.75,-1063025937.5,-1063144062.5,-1054030000.0,-26342560000.0,0.6769999861717224,9.0,1581286093.75,1,3700209459.375,3700209459.375,1.0,True,True,True
0,002090,1278,12.4,12.37,12.35,12.48,12.2,11:29:52.566,11298761,-1240,57759,30,71424392.0,25090,32669,0,2742,12.41,12.42,8,180,12.4,12.43,303,194,12.39,12.44,230,34,12.38,12.45,178,539,12.37,12.46,384,418,"(53,)",0,0,0,0,-0.15,1278,396017500.0,26,43,20260202,20061208,400577109.375,12380000.0,365585898.4375,10695008750.0,0.0,0.0,1199.99997317791,31708862500.0,26286465000.0,913598046.875,166724003.90625,42318.0,16342306250.0,-5712999.877929688,266940996.09375,15252630000.0,10123327500.0,7223759375.0,6510553125.0,492025000.0,58568999.0234375,1100671015.625,-837673046.875,6105455625.0,498531015.625,460481015.625,464610976.5625,9834138125.0,3.808000087738037,9.0,396017500.0,1,4910617000.0,4910617000.0,0.7,True,True,True
0,002098,1155,10.31,10.44,10.44,10.46,10.25,11:29:53.820,11298970,-1031,58056,1,59828088.0,38029,20027,0,2203,10.3,10.31,14,74,10.29,10.32,18,170,10.28,10.33,45,176,10.27,10.34,193,141,10.26,10.35,933,200,"(52,)",0,0,0,0,0.1,1155,357988789.0625,20,41,20260209,20061222,358000000.0,12410000.0,1717323437.5,18667737500.0,0.0,0.0,4699.999988079071,22233015000.0,12478715000.0,6645305000.0,497500000.0,22808.0,7065838125.0,69351000.9765625,3275694062.5,14547018750.0,20384601250.0,13561065000.0,4710369062.5,1896478906.25,3236999.8168945312,1906936875.0,-241217988.28125,3166480000.0,1882760000.0,1668185937.5,1668973125.0,6690278125.0,4.063000202178955,9.0,357988789.0625,1,3690864415.234375,3690864415.234375,0.9,True,True,True
0,002105,1352,7.46,7.31,7.34,7.47,7.29,11:29:55.530,11299255,-746,57643,14,42633400.0,22755,34888,1,991,7.45,7.46,164,208,7.44,7.47,703,464,7.43,7.48,360,613,7.42,7.49,210,457,7.41,7.5,84,1163,"(52,)",0,0,0,0,0.13,1352,364471015.625,18,32,20251224,20070112,366241992.1875,12370000.0,8376500.244140625,8181268125.0,0.0,0.0,-799.9999821186066,16084072500.0,8949081875.0,4591630937.5,1256151953.125,34592.0,5418643125.0,690672031.25,175215996.09375,8420109375.0,8638913125.0,7591421250.0,2687680000.0,-295593984.375,-24593999.0234375,592148007.8125,-6435000.0,1742971093.75,-265158007.8125,-323799003.90625,-301387011.71875,3547465000.0,2.2880001068115234,9.0,364471015.625,1,2718953776.5625,2718953776.5625,0.85,True,True,True
0,002107,1172,7.33,7.28,7.26,7.4,7.21,11:29:55.608,11299268,-733,53875,3,39509972.0,23424,30451,0,1924,7.33,7.34,416,23,7.32,7.35,313,230,7.31,7.36,199,292,7.3,7.37,447,238,7.29,7.38,174,381,"(2101,)",0,0,0,0,0.0,1172,571393984.375,15,34,20260120,20070124,577209609.375,12270000.0,364033789.0625,7637933750.0,0.0,0.0,1700.0000178813934,9773700000.0,5667708750.0,3253249062.5,343396992.1875,40066.0,2407310000.0,-29182998.046875,0.0,7238184375.0,8169524375.0,2011146093.75,671250937.5,1035980000.0,17630999.755859375,1285255937.5,511616015.625,934624062.5,1023795000.0,887910000.0,957151953.125,846608984.375,1.253999948501587,12.0,571393984.375,1,4188317905.46875,4188317905.46875,0.8,True,True,True
0,002133,1281,3.87,3.89,3.9,3.9,3.82,11:29:57.684,11299614,-387,89891,97,34713912.0,41557,48334,0,3994,3.87,3.88,1398,402,3.86,3.89,1270,4056,3.85,3.9,307,2710,3.84,3.91,429,1071,3.83,3.92,908,2073,"(53,)",0,0,0,0,-0.25,1281,769870234.375,28,11,20251031,20070427,774144062.5,20700000.0,-1520600781.25,33508780000.0,0.0,0.0,1199.99997317791,75578745000.0,57312440000.0,6962290000.0,85544003.90625,29287.0,32599750000.0,1655450937.5,8446285000.0,29386810000.0,38964985000.0,35345770000.0,978505937.5,1555080000.0,368066992.1875,4486978750.0,-2458725000.0,37246635000.0,1544861093.75,810528984.375,946521953.125,10646460000.0,3.796000003814697,9.0,769870234.375,1,2979397807.03125,2979397807.03125,1.0,True,True,True
0,002148,1460,8.91,8.76,8.78,8.92,8.72,11:29:54.660,11299110,-891,73587,38,65087764.0,28015,45572,0,2125,8.91,8.92,18,1844,8.9,8.93,1044,1028,8.89,8.94,188,1206,8.88,8.95,128,1550,8.87,8.96,48,672,"(1333,)",0,0,0,0,0.11,1460,449317617.1875,7,24,20260202,20070810,558987304.6875,18650000.0,135613798.828125,2059081875.0,0.0,0.0,-0.0,14127505000.0,6795440000.0,1659753906.25,53046000.9765625,81400.0,1534445937.5,94328994.140625,2073024062.5,12217502500.0,2891155000.0,1852656093.75,565399023.4375,-24178999.0234375,352000.00762939453,-177659003.90625,142968007.8125,36642001.953125,-24241000.9765625,-18635999.75585937,-2753000.1831054688,4091890000.0,2.186000108718872,9.0,449317617.1875,1,4003419969.140625,4003419969.140625,0.95,True,True,True
0,002154,939,4.09,4.1,4.09,4.1,4.07,11:29:57.552,11299592,-409,103339,5,42197640.0,58627,44712,0,2352,4.08,4.09,2216,6116,4.07,4.1,8677,10320,4.06,4.11,9436,6414,4.05,4.12,3981,10817,4.04,4.13,3790,2373,"(52,)",0,0,0,0,0.25,939,1179772578.125,28,41,20251028,20070816,1459333750.0,12180000.0,4152670312.5,35357855000.0,0.0,0.0,1599.9999642372131,69213710000.0,41766112500.0,8176280000.0,5177135937.5,75366.0,21599640000.0,1234019062.5,7707882500.0,45332330000.0,34795345000.0,11980077500.0,6496550000.0,3326992187.5,138499003.90625,959136015.625,-231845000.0,14097148750.0,3213111875.0,2442110000.0,2359655000.0,19244175000.0,3.1059999465942383,9.0,1179772578.125,1,4825269844.53125,4825269844.53125,0.95,True,True,True
0,002172,1178,4.49,4.44,4.45,4.51,4.43,11:29:57.312,11299552,-449,148561,93,66621600.0,50661,97900,-1,4236,4.49,4.5,1778,6707,4.48,4.51,4005,4340,4.47,4.52,4224,3764,4.46,4.53,2064,3822,4.45,4.54,2034,5900,"(53,)",0,0,0,0,0.0,1178,765272031.25,26,9,20260123,20070921,765732265.625,26840000.0,386780703.125,15013922500.0,0.0,0.0,500.0000074505806,19288417500.0,10555126250.0,7666763125.0,611656992.1875,50324.0,16345476250.0,-196554003.90625,12641063750.0,1746360937.5,13603981250.0,11662452500.0,3202425000.0,561996015.625,19927000.732421875,-286554003.90625,-429585976.5625,1335976875.0,605868007.8125,407151992.1875,401136015.625,-18924087500.0,0.2280000001192093,9.0,765272031.25,1,3436071420.3125,3436071420.3125,0.8,True,True,True
0,002178,1296,6.64,6.57,6.57,6.64,6.54,11:29:56.022,11299337,-664,99608,59,65735376.0,39902,59706,0,3456,6.63,6.64,1020,3640,6.62,6.65,1125,3866,6.61,6.66,292,2878,6.6,6.67,869,1638,6.59,6.68,823,1696,"(52,)",0,0,0,0,0.0,1296,711783125.0,16,21,20251030,20071101,712152968.75,18650000.0,-87629804.6875,4040772500.0,0.0,0.0,99.99999776482582,13703490000.0,8709560000.0,810250937.5,557243984.375,104328.0,7460821875.0,1120950937.5,2326732031.25,4360728750.0,3040184062.5,2340035000.0,2799805000.0,82769003.90625,217409003.90625,-336488984.375,-219850996.09375,435902968.75,83124003.90625,67021000.9765625,71945000.0,-5383578125.0,0.6119999885559082,9.0,711783125.0,1,4726239950.0,4726239950.0,0.95,True,True,True
0,002184,950,13.29,13.25,13.25,13.31,13.18,11:29:52.032,11298672,-1329,24833,3,32924816.0,9058,15775,0,1113,13.29,13.3,150,219,13.28,13.31,49,569,13.27,13.32,49,154,13.26,13.33,5,239,13.25,13.34,36,300,"(53,)",0,0,0,0,0.0,950,240371503.90625,16,26,20260202,20071116,351908398.4375,12380000.0,-1081839765.625,16518887500.0,0.0,0.0,199.99999552965164,31939147500.0,24838865000.0,2075722031.25,261890996.09375,43322.0,16206311250.0,2702413125.0,4347685000.0,11692465000.0,19329305000.0,16853176250.0,7814865000.0,180400996.09375,75212001.953125,-523900000.0,-2594311875.0,6269818125.0,176061992.1875,133846992.1875,53716997.0703125,2055872031.25,3.322999954223633,9.0,240371503.90625,1,3194537286.9140625,3194537286.9140625,0.8,True,True,True
0,002186,1143,12.36,12.35,12.35,12.39,12.17,11:29:52.590,11298765,-1236,50907,4,62470312.0,26645,24262,0,6311,12.35,12.36,242,35,12.34,12.37,204,55,12.33,12.38,203,284,12.32,12.39,11,320,12.31,12.4,43,1190,"(52,)",0,0,0,0,0.08,1143,306511308.59375,7,10,20251022,20071120,306921601.5625,17620000.0,704516093.75,10843742500.0,0.0,0.0,900.0000357627869,15380640000.0,3581335000.0,2671909062.5,816750000.0,37011.0,4645045000.0,344887968.75,5344105000.0,8649863125.0,9583465625.0,7878427500.0,696725000.0,276855000.0,128855000.0,968637968.75,-13816000.9765625,891237031.25,279753007.8125,273282011.71875,261738984.375,-1322397031.25,2.818000078201294,9.0,306511308.59375,1,3788479774.21875,3788479774.21875,0.85,True,True,True
0,002198,1104,7.19,7.05,7.09,7.2,7.01,11:29:55.692,11299282,-719,105315,1,75101168.0,34965,70351,1,5027,7.18,7.19,36,433,7.17,7.2,1559,6623,7.16,7.21,936,742,7.15,7.22,337,864,7.14,7.23,232,1006,"(4916,)",0,0,0,0,0.14,1104,507480703.125,12,34,20260126,20071218,507509804.6875,12270000.0,28733500.9765625,2596046250.0,0.0,0.0,399.9999910593033,7747263125.0,4661081875.0,1700792968.75,466964023.4375,25561.0,307640996.09375,0.0,1236528984.375,7090082500.0,2934361875.0,1279007031.25,1356967031.25,256404003.90625,-1170999.984741211,-712271015.625,-2058013125.0,853905937.5,257410000.0,217941992.1875,217941992.1875,1210848046.875,1.3969999551773071,9.0,507480703.125,1,3648786255.46875,3648786255.46875,0.8,True,True,True
0,002200,144,6.95,6.91,6.9,6.96,6.88,11:29:55.836,11299306,-695,6193,15,4273409.0,3839,2354,0,7,6.94,6.95,77,102,6.93,6.96,179,135,6.92,6.97,163,355,6.91,6.98,195,254,6.9,6.99,124,115,"(52,)",0,0,0,0,0.29,144,195725996.09375,27,21,20260204,20071221,451125585.9375,14480000.0,-296451796.875,3082664062.5,0.0,0.0,-3700.000047683716,30671197500.0,15254361250.0,210425000.0,65110996.09375,6941.0,27108147500.0,2305855000.0,7745593125.0,-1078050000.0,2183249062.5,2200246093.75,2609340000.0,-434518007.8125,1629000.0915527344,-1222019062.5,-1021407968.75,540120000.0,-759737968.75,-755055000.0,-690358984.375,-11100000000.0,-0.5860000252723694,9.0,195725996.09375,1,1360295672.8515625,1360295672.8515625,1.0,True,True,True
0,002205,805,14.74,14.81,14.79,14.79,14.6,11:29:51.162,11298527,-1474,14314,7,21055130.0,9021,5293,0,917,14.73,14.74,55,1,14.72,14.75,41,24,14.71,14.77,16,99,14.7,14.78,86,63,14.69,14.79,10,99,"(52,)",0,0,0,0,-0.06,805,185843203.125,2,21,20260204,20080123,185843203.125,12300000.0,-307800195.3125,3800831250.0,0.0,0.0,-1199.99997317791,40075952500.0,11631490000.0,4024818125.0,1620245937.5,17877.0,24601815000.0,1266851953.125,4564940000.0,3598373125.0,4436634062.5,2996908125.0,6352288125.0,-231915000.0,0.0,-719218984.375,-650696015.625,1638870000.0,-269256015.625,-265009003.90625,-219296992.1875,-4327190937.5,1.9359999895095823,9.0,185843203.125,1,2739328814.0625,2739328814.0625,1.0,True,True,True
0,002211,398,3.64,3.67,3.68,3.72,3.62,11:29:57.822,11299637,-364,37329,1,13659570.0,20980,16349,0,872,3.63,3.65,938,364,3.62,3.66,1901,1298,3.61,3.67,1325,1057,3.6,3.68,1006,1060,3.59,3.69,946,1163,"(53,)",0,0,0,0,0.28,398,432475781.25,16,19,20251029,20080201,432475781.25,12260000.0,-180559707.03125,2222514843.75,0.0,0.0,-199.99999552965164,3797659062.5,2865645000.0,443543007.8125,212166992.1875,26340.0,3153444062.5,0.0,10273513125.0,135678007.8125,3275056875.0,3002186875.0,266584003.90625,-28521999.51171875,255000.0,186943007.8125,249162988.28125,387193007.8125,-105920996.09375,-106537001.953125,-106537001.953125,-14751537500.0,0.0309999994933605,9.0,432475781.25,1,1574211843.75,1574211843.75,1.0,True,True,True
0,002224,951,4.69,4.7,4.71,4.72,4.66,11:29:57.192,11299532,-469,110756,2,51928848.0,49019,61737,0,1884,4.68,4.69,1765,5297,4.67,4.7,3118,3447,4.66,4.71,6372,4603,4.65,4.72,2450,5842,4.64,4.73,1511,2243,"(52,)",0,0,0,0,0.0,951,806380390.625,28,19,20260205,20080425,902116328.125,12290000.0,509791406.25,5867110000.0,0.0,0.0,399.9999910593033,42016405000.0,20693481250.0,8704384375.0,2444276875.0,47550.0,6870286250.0,12860000.0,10232468125.0,32412750000.0,7143036875.0,5595485000.0,1186207031.25,406380000.0,-17080999.755859375,-632928984.375,1216142031.25,4286764062.5,394321015.625,281974003.90625,276511015.625,11786132500.0,3.5929999351501465,9.0,806380390.625,1,3781924032.0312505,3781924032.0312505,1.0,True,True,True
0,002234,678,9.31,9.38,9.38,9.38,9.28,11:29:54.420,11299070,-931,21873,29,20383288.0,12757,9116,0,628,9.3,9.32,85,51,9.29,9.33,332,128,9.28,9.34,638,70,9.27,9.35,229,233,9.26,9.36,105,888,"(52,)",0,0,0,0,-0.1,678,301408593.75,15,17,20251025,20080516,348960195.3125,10030000.0,-2172270937.5,15762081250.0,0.0,0.0,-6600.000262260437,37045462500.0,12490460000.0,17385497500.0,1055988984.375,30439.0,16288081250.0,-198282988.28125,13817942500.0,18079412500.0,15443418750.0,14898517500.0,732016015.625,-2345138125.0,-190300996.09375,981182031.25,384245000.0,5718781875.0,-2336115000.0,-2336560000.0,-2303500937.5,-1834767031.25,5.181000232696533,9.0,301408593.75,1,2806114007.8125,2806114007.8125,1.0,True,True,True
0,002247,1366,3.1,3.02,3.05,3.11,3.0,11:29:58.146,11299691,-310,198519,38,60648632.0,92770,105749,0,11956,3.09,3.1,887,277,3.08,3.11,1370,1885,3.07,3.12,420,4439,3.06,3.13,1653,1442,3.05,3.14,2333,1635,"(52,)",0,0,0,0,0.0,1366,643540703.125,28,38,20251028,20080612,850870078.125,12220000.0,2205310312.5,6284179375.0,0.0,0.0,500.0000074505806,9505203125.0,5718082500.0,2498370000.0,671665000.0,25737.0,2624461875.0,37311999.51171875,30241745000.0,6654380000.0,5879120000.0,4561712187.5,1964592968.75,461506992.1875,12315000.0,17533000.48828125,-1065421015.625,901561015.625,453808984.375,409835000.0,421656992.1875,-32669320000.0,0.7820000052452087,9.0,643540703.125,1,1994976179.6875,1994976179.6875,0.95,True,True,True
0,002269,1313,1.92,1.91,1.91,1.94,1.89,11:29:58.854,11299809,-192,516105,5,99135160.0,161805,354301,0,2428,1.92,1.93,43914,29119,1.91,1.94,59034,55037,1.9,1.95,52618,52083,1.89,1.96,49100,26574,1.88,1.97,40408,14826,"(4981,)",0,0,0,0,-0.51,1313,2512500000.0,16,41,20251031,20080828,2512500000.0,12180000.0,518205781.25,5250704375.0,0.0,0.0,-299.99999329447746,18605501250.0,6733146875.0,1353425000.0,34917998.046875,105852.0,14089897500.0,0.0,1799071093.75,1879722031.25,3291634062.5,1946128906.25,894682968.75,-677727031.25,0.0,-1533363906.25,-288112011.71875,2980051875.0,-689843984.375,-689843984.375,-689843984.375,-32789875000.0,0.0750000029802322,9.0,2512500000.0,1,4824000000.0,4824000000.0,0.9,True,True,True
0,002282,726,7.85,7.85,7.86,7.88,7.8,11:29:55.296,11299216,-785,26038,3,20427160.0,13845,12193,0,1360,7.84,7.85,188,4,7.83,7.86,470,338,7.82,7.87,442,139,7.81,7.88,317,668,7.8,7.89,613,1392,"(244,)",0,0,0,0,0.0,726,505007695.3125,11,26,20260203,20090821,526838398.4375,12300000.0,1647512343.75,12476738750.0,0.0,0.0,3000.0001192092896,40022587500.0,21088505000.0,5371953125.0,1146041015.625,23347.0,3230940000.0,0.0,20456576250.0,36196080000.0,12737847500.0,9267061250.0,5058650000.0,1828413125.0,22320000.0,686007968.75,-400941992.1875,4737015000.0,1814948125.0,1556373125.0,1556373125.0,9199325000.0,6.869999885559082,9.0,505007695.3125,1,3964310408.203125,3964310408.203125,1.0,True,True,True
0,002303,1255,4.24,4.2,4.2,4.25,4.2,11:29:57.462,11299577,-424,130594,38,55267436.0,51620,78974,0,2268,4.24,4.25,1716,8949,4.23,4.26,4651,7482,4.22,4.27,2379,10702,4.21,4.28,3357,10206,4.2,4.29,6935,5588,"(53,)",0,0,0,0,-0.23,1255,966937031.25,18,38,20251028,20091103,1531323750.0,12220000.0,2187366875.0,29436322500.0,0.0,0.0,1700.0000178813934,73153010000.0,34808977500.0,14996706250.0,2755070000.0,55554.0,24054630000.0,603195000.0,12425375000.0,45232910000.0,30002295000.0,21840565000.0,11826231250.0,3119671250.0,3136000.061035156,2222238125.0,1268087031.25,3634523750.0,3137406875.0,2622908125.0,2601340937.5,7781490000.0,2.9539999961853027,9.0,966937031.25,1,4099813012.5,4099813012.5,1.0,True,True,True
0,002313,1032,10.13,10.02,10.02,10.18,10.0,11:29:53.928,11298988,-1013,31946,5,32333508.0,14652,17294,0,1313,10.12,10.13,263,6,10.11,10.14,92,148,10.1,10.15,250,355,10.09,10.16,32,657,10.08,10.17,374,623,"(52,)",0,0,0,0,0.0,1032,374373710.9375,18,24,20251027,20091203,374400000.0,12390000.0,-794212734.375,23127920000.0,0.0,0.0,-1500.0000596046448,30258377500.0,19580220000.0,1349861093.75,2287731093.75,55598.0,24569115000.0,-48326997.0703125,20577340000.0,133793994.140625,20069861250.0,16693687500.0,7651603125.0,-274106015.625,-15765000.0,1795392031.25,-13236999.51171875,3164871250.0,-506373007.8125,-547105000.0,-547950976.5625,-23054122500.0,0.0359999984502792,9.0,374373710.9375,1,3792405691.7968755,3792405691.7968755,1.0,True,True,True
0,002322,1393,13.53,13.72,13.49,13.62,13.34,11:29:51.888,11298648,-1353,54288,1,73340544.0,31553,22735,0,34575,13.52,13.53,20,4,13.51,13.54,46,12,13.5,13.55,652,98,13.49,13.56,142,34,13.48,13.57,164,40,"(52,)",0,0,0,0,0.0,1393,351399687.5,28,24,20260113,20091218,365528007.8125,18650000.0,1865728125.0,6113166875.0,0.0,0.0,3899.999856948853,30875985000.0,11324927500.0,2881755000.0,138585000.0,26135.0,3051546250.0,-1986000.061035156,16794805000.0,27769980000.0,6149832500.0,1932481093.75,4683585937.5,1457542968.75,68060996.09375,2316245000.0,-1082065000.0,1775706093.75,1462979062.5,1376380000.0,1376380937.5,8486963125.0,7.323999881744385,9.0,351399687.5,1,4754437771.875,4754437771.875,1.0,True,True,True
0,002327,676,7.09,7.1,7.09,7.11,7.04,11:29:55.752,11299292,-709,15748,1,11163133.0,6647,9101,0,908,7.09,7.1,377,1019,7.08,7.11,124,925,7.07,7.12,193,1545,7.06,7.13,681,242,7.05,7.14,820,988,"(53,)",0,0,0,0,0.0,676,490947695.3125,18,15,20260106,20091230,838245468.75,12170000.0,2931913750.0,18869960000.0,0.0,0.0,1899.999976158142,45640260000.0,22941755000.0,11200365000.0,905067968.75,32301.0,9452618125.0,0.0,1183942968.75,34737845000.0,16265936250.0,7559300000.0,2415365937.5,2154272031.25,74445000.0,4011646250.0,-1721265000.0,8319532500.0,2165443906.25,1597237968.75,1597237968.75,22990840000.0,4.144000053405762,9.0,490947695.3125,1,3480819159.765625,3480819159.765625,1.0,True,True,True
0,002329,1088,3.92,3.94,3.93,3.93,3.88,11:29:57.654,11299609,-392,129238,59,50425700.0,64596,64642,0,2016,3.91,3.92,2947,6989,3.9,3.93,2428,4680,3.89,3.94,4084,6144,3.88,3.95,4866,8687,3.87,3.96,4922,4557,"(52,)",0,0,0,0,0.26,1088,650388906.25,10,14,20251029,20100106,832403984.375,12140000.0,-146555000.0,15099575000.0,0.0,0.0,-599.9999865889549,46366510000.0,18356817500.0,13152126250.0,1276985000.0,64519.0,23302140000.0,1147205000.0,11696261250.0,8850436250.0,13141726250.0,10009496250.0,4051030000.0,-420287031.25,3502999.8779296875,-262300000.0,-1343265937.5,3148844062.5,-437939023.4375,-530371015.625,-492447031.25,-11006572500.0,1.0740000009536743,9.0,650388906.25,1,2549524512.5,2549524512.5,0.8,True,True,True
0,002330,1046,5.36,5.36,5.35,5.38,5.29,11:29:56.790,11299465,-536,90216,20,48208536.0,50890,39326,0,6120,5.36,5.37,131,2026,5.35,5.38,1933,2407,5.34,5.39,1331,2173,5.33,5.4,1241,1823,5.32,5.41,2318,1890,"(181,)",0,0,0,0,0.19,1046,635178710.9375,15,14,20260203,20100106,635315312.5,12130000.0,66301098.6328125,20817201250.0,0.0,0.0,99.99999776482582,35341155000.0,17627398750.0,12163981250.0,1860572031.25,36746.0,11116772500.0,-82515000.0,13282326250.0,22907940000.0,23928870000.0,21930935000.0,2244475937.5,81546000.9765625,-1383999.9389648438,-311907011.71875,-1488674062.5,4331795000.0,71993999.0234375,96828007.8125,54037998.046875,3191553750.0,3.6059999465942383,9.0,635178710.9375,1,3404557890.625,3404557890.625,0.9,True,True,True
0,002333,980,6.29,6.34,6.46,6.47,6.27,11:29:56.232,11299372,-629,50559,1,31909340.0,28465,22094,0,7184,6.28,6.29,480,34,6.27,6.3,809,78,6.26,6.31,893,28,6.25,6.32,796,174,6.24,6.33,274,226,"(52,)",0,0,0,0,0.0,980,652563085.9375,26,36,20260203,20100112,674924765.625,12320000.0,447731406.25,12029747500.0,0.0,0.0,700.0000029802322,31904670000.0,20020737500.0,6503138125.0,862576953.125,18464.0,11414907500.0,268229003.90625,7673288125.0,19139587500.0,11807897500.0,10189363125.0,7256838125.0,523678984.375,14499000.244140623,-993591015.625,-1094361015.625,3460153125.0,515143984.375,449745000.0,439922031.25,3663490000.0,2.8359999656677246,9.0,652563085.9375,1,4104621810.546875,4104621810.546875,1.0,True,True,True
0,002337,1195,6.87,6.82,6.82,6.9,6.79,11:29:55.884,11299314,-687,75823,290,51889300.0,35793,40030,0,955,6.86,6.87,538,357,6.85,6.88,162,157,6.84,6.89,338,1450,6.83,6.9,653,2885,6.82,6.91,1331,1580,"(756,)",0,0,0,0,0.44,1195,587996484.375,9,26,20251029,20100115,588615703.125,12350000.0,461728085.9375,6072958750.0,0.0,0.0,799.9999821186066,20630722500.0,18129897500.0,1591634062.5,253265000.0,50639.0,6650363125.0,698881953.125,4376376250.0,13168250000.0,4945171250.0,3384251875.0,3568326875.0,604999023.4375,11655000.0,-754875937.5,114387001.953125,5462816250.0,605087031.25,496387031.25,496847031.25,2094032968.75,2.236999988555908,9.0,587996484.375,1,4039535847.65625,4039535847.65625,0.95,True,True,True
0,002360,1058,5.42,5.38,5.41,5.45,5.35,11:29:56.754,11299459,-542,69527,3,37539792.0,34111,35417,0,2245,5.41,5.42,434,101,5.4,5.43,144,951,5.39,5.44,821,1390,5.38,5.45,721,2755,5.37,5.46,100,1144,"(4148,)",0,0,0,0,0.0,1058,327522207.03125,17,19,20260203,20100303,401774296.875,12260000.0,393066406.25,4165843125.0,0.0,0.0,-199.99999552965164,45671755000.0,6386417500.0,3793057812.5,1933236875.0,20342.0,16552311250.0,-75416997.0703125,928595000.0,19993692500.0,3310800000.0,2089510000.0,1241501953.125,-93849003.90625,54435000.0,514921015.625,-1071778046.875,369923984.375,-68821997.0703125,-163657998.046875,-99369003.90625,12540022500.0,4.97599983215332,9.0,327522207.03125,1,1775170362.109375,1775170362.109375,0.85,True,True,True
0,002365,1026,15.05,15.03,15.03,15.08,14.95,11:29:50.976,11298496,-1505,21508,19,32299824.0,9835,11673,0,1518,15.04,15.06,130,308,15.03,15.07,70,197,15.02,15.08,951,413,15.01,15.09,174,295,15.0,15.1,98,502,"(52,)",0,0,0,0,0.07,1026,245560097.65625,19,34,20260209,20100305,294682500.0,12270000.0,618552382.8125,6187156875.0,0.0,0.0,900.0000357627869,22624310000.0,11676477500.0,8982750625.0,777280000.0,49230.0,2324320000.0,387990000.0,7145047500.0,19764320000.0,5771486250.0,4787528125.0,1244988984.375,182375000.0,253224003.90625,986648046.875,-874205000.0,784138984.375,180204003.90625,163420996.09375,254962011.71875,8338105000.0,6.706999778747559,9.0,245560097.65625,1,3695679469.7265625,3695679469.7265625,0.8,True,True,True
0,002374,1334,3.7,3.69,3.69,3.72,3.61,11:29:57.786,11299631,-370,236268,55,86592976.0,115541,120727,0,7819,3.69,3.7,2477,467,3.68,3.71,1342,7657,3.67,3.72,1905,5164,3.66,3.73,1160,2123,3.65,3.74,2755,1981,"(52,)",0,0,0,0,0.27,1334,1085209296.875,15,46,20260202,20100318,1085209296.875,12330000.0,-826682812.5,4593080000.0,0.0,0.0,-900.0000357627869,32026445000.0,20976595000.0,4370548125.0,533306015.625,57592.0,18105486250.0,-599121015.625,20629687500.0,8426452500.0,4030928750.0,3512970000.0,16116697500.0,-985842968.75,-20746999.51171875,250378007.8125,-312195000.0,1317757031.25,-1004275000.0,-976420000.0,-944370000.0,-23210335000.0,0.7760000228881836,9.0,1085209296.875,1,4015274398.4375,4015274398.4375,0.75,True,True,True
0,002381,818,7.14,7.13,7.14,7.16,7.04,11:29:55.722,11299287,-714,24027,23,17129508.0,10163,13864,0,1799,7.13,7.14,155,28,7.12,7.15,328,876,7.11,7.16,219,863,7.1,7.17,397,579,7.09,7.18,191,410,"(52,)",0,0,0,0,0.14,818,320396601.5625,28,19,20260105,20100402,411577812.5,12290000.0,1396161562.5,19342431250.0,0.0,0.0,1299.9999523162842,37925170000.0,22043852500.0,10217793125.0,1991859062.5,23357.0,9428356250.0,92707998.046875,5680476250.0,21457672500.0,19613751250.0,16557970000.0,8627585000.0,719118046.875,-23156000.9765625,1737942968.75,953917031.25,5057137812.5,714958984.375,510958007.8125,536641992.1875,9388402500.0,5.1570000648498535,9.0,320396601.5625,1,2287631735.15625,2287631735.15625,1.0,True,True,True
0,002391,982,6.46,6.45,6.46,6.55,6.42,11:29:56.130,11299355,-646,49359,3,31916768.0,23260,26099,0,556,6.45,6.46,708,40,6.44,6.47,1259,5104,6.43,6.48,1189,93,6.42,6.49,892,69,6.41,6.5,162,652,"(52,)",0,0,0,0,0.0,982,464120781.25,26,28,20260204,20100416,649592500.0,12260000.0,438434804.6875,26664910000.0,0.0,0.0,799.9999821186066,92687350000.0,35158895000.0,46084105000.0,2743230000.0,25494.0,36516245000.0,0.0,21402327500.0,42626750000.0,29684955000.0,25786467500.0,9749411875.0,573656992.1875,103305000.0,5697507500.0,556068007.8125,13137117500.0,446641992.1875,522933007.8125,522933007.8125,13385743750.0,6.561999797821045,9.0,464120781.25,1,2998220246.875,2998220246.875,1.0,True,True,True
0,002403,680,12.45,12.35,12.31,12.49,12.31,11:29:52.536,11298756,-1245,15589,9,19391284.0,6665,8924,0,788,12.44,12.45,56,12,12.43,12.46,47,129,12.42,12.47,74,132,12.41,12.48,89,361,12.4,12.49,138,143,"(692,)",0,0,0,0,0.0,680,297161406.25,28,23,20251031,20100511,340638593.75,12330000.0,16605600.5859375,21138460000.0,0.0,0.0,-1700.0000178813934,47538930000.0,20834618750.0,13504150000.0,2917384062.5,47929.0,26028205000.0,-291515000.0,10199809375.0,16020998750.0,19538437500.0,13438431250.0,6956053125.0,-683013984.375,328596015.625,-341081015.625,-489024023.4375,8140665000.0,-700045000.0,-626335976.5625,-589855000.0,1272862968.75,4.703000068664551,9.0,297161406.25,1,3699659507.8125,3699659507.8125,1.0,True,True,True
0,002404,1329,7.48,7.42,7.44,7.54,7.36,11:29:55.518,11299253,-748,86173,1,64388360.0,40341,45832,0,5625,7.48,7.49,448,244,7.47,7.5,261,471,7.46,7.51,291,513,7.45,7.52,320,372,7.44,7.53,422,750,"(53,)",0,0,0,0,-0.26,1329,455787109.375,28,15,20251027,20100511,560051484.375,12180000.0,1518648593.75,36048552500.0,0.0,0.0,2700.0001072883606,35389525000.0,26121090000.0,3562612187.5,416366015.625,26297.0,14498987500.0,933688984.375,5583823125.0,19770945000.0,36330012500.0,31905690000.0,4549815000.0,2055285000.0,129989003.90625,617493007.8125,-1362447031.25,5890630000.0,2068890000.0,1609484062.5,1521504062.5,6428016250.0,3.5299999713897705,9.0,455787109.375,1,3409287578.125,3409287578.125,1.0,True,True,True
0,002406,1253,8.17,8.16,8.17,8.24,8.13,11:29:55.104,11299184,-817,59389,10,48601176.0,30489,28900,0,1103,8.17,8.18,97,361,8.16,8.19,1419,967,8.15,8.2,1838,1904,8.14,8.21,1306,1450,8.13,8.22,1422,2182,"(53,)",0,0,0,0,0.0,1253,602212890.625,13,7,20260203,20100518,730225078.125,12360000.0,862145312.5,9557775625.0,0.0,0.0,1299.9999523162842,48846640000.0,27718835000.0,10137740625.0,3816517187.5,57320.0,6450718125.0,364641992.1875,17035370000.0,40120175000.0,10768357500.0,7979082500.0,4876835937.5,1341487031.25,135756005.859375,496771015.625,-598002968.75,5334463125.0,1274291015.625,989676953.125,953475937.5,13268395000.0,5.49399995803833,9.0,602212890.625,1,4920079316.40625,4920079316.40625,0.9,True,True,True
0,002425,1657,4.24,3.99,4.03,4.3,4.01,11:29:57.462,11299577,-424,548530,64,226760208.0,182561,365970,0,9869,4.23,4.24,76,1486,4.22,4.25,21,197,4.21,4.26,178,1635,4.2,4.27,1874,1030,4.19,4.28,1520,740,"(3892,)",0,0,0,0,1.19,1657,956060937.5,12,24,20260130,20100608,956665078.125,18640000.0,-956673515.625,3267606875.0,0.0,0.0,-1099.9999940395355,32873795000.0,6111230625.0,31898999.0234375,2201760000.0,48607.0,3207906875.0,318710000.0,27802095000.0,28919647500.0,4202810937.5,4153130937.5,3161773125.0,-1065946015.625,-154331992.1875,-147424003.90625,-1094530937.5,0.0,-1110221015.625,-1180230937.5,-1076169062.5,-10105805000.0,3.0230000019073486,9.0,956060937.5,1,4053698375.0,4053698375.0,0.9,True,True,True
0,002442,798,6.64,6.66,6.66,6.68,6.6,11:29:56.022,11299337,-664,47391,78,31480848.0,25114,22277,0,5821,6.63,6.65,533,212,6.62,6.66,715,668,6.61,6.67,251,1204,6.6,6.68,534,1512,6.59,6.69,653,1257,"(52,)",0,0,0,0,-0.14,798,492564687.5,11,19,20260105,20100706,503289609.375,12260000.0,1121055937.5,31233955000.0,0.0,0.0,1199.99997317791,45146570000.0,26405987500.0,14321865000.0,3067627812.5,23561.0,13797761250.0,4399000.244140625,4995296250.0,18457062500.0,32409712500.0,29615252500.0,9794821250.0,617549023.4375,-40273999.0234375,475381015.625,-1187796953.125,5999998125.0,616081992.1875,608358007.8125,609958007.8125,7495259375.0,3.6440000534057617,9.0,492564687.5,1,3270629525.0,3270629525.0,1.0,True,True,True
0,002479,732,5.27,5.3,5.31,5.31,5.24,11:29:56.844,11299474,-527,68427,39,36033692.0,42735,25692,0,2023,5.26,5.27,506,343,5.25,5.28,2024,718,5.24,5.29,3586,1071,5.23,5.3,1583,1744,5.22,5.31,1572,825,"(1332,)",0,0,0,0,0.0,732,863072812.5,28,39,20251025,20100921,865000000.0,13440000.0,2590397812.5,35348700000.0,0.0,0.0,2800.000011920929,83026020000.0,24513652500.0,41711625000.0,2238270000.0,37241.0,31110325000.0,2207582968.75,15173605000.0,42141955000.0,38535147500.0,31613505000.0,1531020937.5,4291225000.0,80341997.0703125,4959387812.5,53584003.90625,9948322500.0,4225260000.0,3186275000.0,2433335937.5,14941698750.0,4.872000217437744,9.0,863072812.5,1,4548393721.875,4548393721.875,1.0,True,True,True
0,002480,810,6.36,6.31,6.31,6.4,6.3,11:29:56.190,11299365,-636,55372,2,35221844.0,27377,27995,0,196,6.35,6.36,134,26,6.34,6.37,846,582,6.33,6.38,782,1151,6.32,6.39,722,1931,6.31,6.4,763,4495,"(52,)",0,0,0,0,0.0,810,767717968.75,23,26,20260203,20100921,769168671.875,12340000.0,-2545553125.0,16767145000.0,0.0,0.0,-500.0000074505806,139922600000.0,56802510000.0,66524420000.0,6993988125.0,28736.0,57459905000.0,12536385000.0,17155687500.0,9643756250.0,10568670000.0,6643017500.0,20462856250.0,330587968.75,1294207968.75,2627726875.0,2963664062.5,3830723750.0,348343984.375,119241005.859375,-422916992.1875,-15622086250.0,1.253999948501587,9.0,767717968.75,1,4882686281.25,4882686281.25,1.0,True,True,True
0,002486,1294,3.29,3.26,3.25,3.3,3.24,11:29:58.032,11299672,-329,141234,1,46189160.0,65037,76197,0,3130,3.29,3.3,778,10111,3.28,3.31,3497,3331,3.27,3.32,2155,3260,3.26,3.33,1271,3163,3.25,3.34,1633,2136,"(53,)",0,0,0,0,-0.29,1294,820466875.0,16,41,20251031,20101015,824283125.0,12180000.0,170223808.59375,8871846875.0,0.0,0.0,599.9999865889549,12985813750.0,7193855000.0,2766435937.5,126805000.0,49540.0,1592125000.0,44922001.953125,0.0,10837613750.0,9181500000.0,7048772500.0,1172716015.625,635566015.625,71183002.9296875,1361105937.5,646800976.5625,2394907968.75,621085976.5625,568387968.75,519958007.8125,3236610000.0,1.315000057220459,9.0,820466875.0,1,2699336018.75,2699336018.75,1.0,True,True,True
0,002494,1156,5.95,5.89,5.89,5.98,5.85,11:29:56.436,11299406,-595,65332,14,38634708.0,26604,38728,0,4765,5.94,5.95,465,276,5.93,5.96,588,2441,5.92,5.97,1017,1095,5.91,5.98,386,1719,5.9,5.99,465,1246,"(52,)",0,0,0,0,0.0,1156,286770390.625,11,41,20260122,20101102,377310703.125,12190000.0,27694499.51171875,3442025312.5,0.0,0.0,-99.99999776482582,14900343750.0,6871036250.0,2300870000.0,231385000.0,24061.0,1665639062.5,-212643984.375,11993063750.0,12261767500.0,2406260937.5,1635162968.75,403613984.375,-56758002.9296875,0.0,-140530000.0,-81291997.0703125,4549985000.0,-58415996.09375,-44097001.953125,-44092001.953125,-3908112187.5,3.25,9.0,286770390.625,1,1706283824.21875,1706283824.21875,0.8,True,True,True
0,002495,1099,2.84,2.82,2.82,2.85,2.79,11:29:58.302,11299717,-284,157978,18,44537200.0,68382,89596,0,1765,2.83,2.84,4591,2247,2.82,2.85,4849,13964,2.81,2.86,4907,6879,2.8,2.87,7878,5493,2.79,2.88,3387,4534,"(2484,)",0,0,0,0,0.0,1099,700773515.625,12,14,20260203,20101102,935625625.0,12140000.0,158984804.6875,1857867968.75,0.0,0.0,99.99999776482582,11950620000.0,4066090000.0,5526220000.0,280066992.1875,41284.0,380170000.0,-10441999.51171875,549526992.1875,10974238750.0,1774615000.0,1208357968.75,4866000.061035156,119531992.1875,0.0,313329003.90625,-161635996.09375,770275000.0,126816005.859375,104970996.09375,111412001.953125,943758984.375,1.1729999780654907,9.0,700773515.625,1,1990196784.375,1990196784.375,1.0,True,True,True
0,002520,1262,6.13,6.1,6.1,6.13,6.05,11:29:56.328,11299388,-613,91107,56,55576876.0,45512,45596,0,2397,6.12,6.13,68,2362,6.11,6.14,1104,1927,6.1,6.15,2357,3832,6.09,6.16,2085,1234,6.08,6.17,1122,1485,"(5364,)",0,0,0,0,0.33,1262,717440234.375,28,26,20251031,20101210,750245234.375,12340000.0,-661773515.625,14544530000.0,0.0,0.0,-3600.0001430511475,24991552500.0,19618555000.0,3477201250.0,822888984.375,80671.0,21599947500.0,17689000.244140625,23989480000.0,2570496093.75,8735511875.0,8014467500.0,1324486093.75,-2592924062.5,2221525000.0,2902225000.0,327282011.71875,13074917500.0,-2593438125.0,-2671380937.5,-2667147187.5,-29508512500.0,0.3429999947547912,9.0,717440234.375,1,4397908636.71875,4397908636.71875,0.95,True,True,True
