market,code,active1,price,last_close,open,high,low,servertime,reversed_bytes0,reversed_bytes1,vol,cur_vol,amount,s_vol,b_vol,reversed_bytes2,reversed_bytes3,bid1,ask1,bid_vol1,ask_vol1,bid2,ask2,bid_vol2,ask_vol2,bid3,ask3,bid_vol3,ask_vol3,bid4,ask4,bid_vol4,ask_vol4,bid5,ask5,bid_vol5,ask_vol5,reversed_bytes4,reversed_bytes5,reversed_bytes6,reversed_bytes7,reversed_bytes8,reversed_bytes9,active2,liutongguben,province,industry,updated_date,ipo_date,zongguben,guojiagu,faqirenfarengu,farengu,bgu,hgu,zhigonggu,zongzichan,liudongzichan,gudingzichan,wuxingzichan,gudongrenshu,liudongfuzhai,changqifuzhai,zibengongjijin,jingzichan,zhuyingshouru,zhuyinglirun,yingshouzhangkuan,yingyelirun,touzishouyu,jingyingxianjinliu,zongxianjinliu,cunhuo,lirunzonghe,shuihoulirun,jinglirun,weifenpeilirun,meigujingzichan,baoliu2,liutongguben_raw,liutongguben_factor,流通盘,circulating,turnover_low_ratio,turnover_low_ok,ma20_support_ok,ma20_oscillation_ok
0,000007,953,12.26,12.3,12.31,12.48,12.15,11:08:05.250,11080875,-1226,46505,2,57132612.0,27163,19342,0,3853,12.26,12.27,17,70,12.25,12.28,117,179,12.24,12.29,40,394,12.23,12.3,162,1312,12.22,12.31,69,433,"(13,)",0,0,0,0,0.25,953,346448007.8125,18,10,20251031,19920413,346448007.8125,20700000.0,31760900.87890625,1542256875.0,0.0,0.0,99.99999776482582,3705430937.5,2598828906.25,435443007.8125,945999.9847412108,12551.0,1599967031.25,144065000.0,1570240937.5,1826725937.5,2998466875.0,2659123125.0,550212031.25,28079001.46484375,1138000.030517578,2837065937.5,-257132011.71875,549862968.75,35642998.046875,24640000.0,34179001.46484375,-3279330937.5,0.5270000100135803,9.0,346448007.8125,1,4247452575.78125,4247452575.78125,1.0,True,True,True
0,000010,1158,3.65,3.62,3.62,3.69,3.54,11:08:10.416,11081736,-365,191982,52,69913480.0,100656,91326,-1,36247,3.65,3.66,5090,735,3.64,3.67,5101,3794,3.63,3.68,840,3030,3.62,3.69,644,6361,3.61,3.7,1045,4889,"(13,)",0,0,0,0,-0.26,1158,848033437.5,18,21,20251216,19951027,1149652265.625,14480000.0,-594307617.1875,3538041250.0,0.0,0.0,-299.99999329447746,27194105000.0,21016562500.0,54823999.0234375,17625999.755859375,34767.0,23266005000.0,447741015.625,21103560000.0,3264786875.0,4246812812.5,3909369062.5,15298285000.0,-222531015.625,-7787999.877929687,-411815000.0,-549964023.4375,1034025000.0,-271158007.8125,-305187011.71875,-319038984.375,-28424925000.0,0.2840000092983246,9.0,848033437.5,1,3095322046.875,3095322046.875,0.85,True,True,True
0,000011,799,9.25,9.28,9.27,9.3,9.15,11:08:05.256,11080876,-925,35185,10,32480560.0,17097,18088,0,3226,9.24,9.25,43,29,9.23,9.26,1,183,9.22,9.27,142,184,9.21,9.28,165,1395,9.2,9.29,555,33,"(12,)",0,0,0,0,0.0,799,526475507.8125,18,11,20251030,19920330,595979101.5625,20700000.0,35810200.1953125,13178067500.0,67605200.1953125,0.0,500.0000074505806,153041960000.0,142511010000.0,427474023.4375,3370000.0,37276.0,46318395000.0,-1376573125.0,804880000.0,33937560000.0,17157720000.0,12862247500.0,6030171875.0,360598007.8125,7345000.0,-23751710000.0,3675944062.5,108231440000.0,480114023.4375,260592988.28125,322211015.625,25949710000.0,5.693999767303467,9.0,526475507.8125,1,4869898447.265625,4869898447.265625,1.0,True,True,True
0,000019,897,7.12,7.16,7.16,7.17,7.05,11:08:08.334,11081389,-712,58908,24,41830184.0,29646,29263,0,730,7.12,7.13,62,359,7.11,7.14,529,150,7.1,7.15,1234,665,7.09,7.16,792,415,7.08,7.17,624,650,"(3213,)",0,0,0,0,0.0,897,416216406.25,18,17,20260202,19921012,1152535234.375,15510000.0,2442543437.5,38018845000.0,51749301.7578125,0.0,2099.9999344348907,70118570000.0,40553400000.0,19740806250.0,4393831875.0,43016.0,18876087500.0,16100999.755859377,12719082500.0,49891070000.0,39184755000.0,32557362500.0,1590882031.25,3056041875.0,-20161999.51171875,12651572500.0,320012011.71875,35200365000.0,3065269062.5,2434335000.0,2435265000.0,19486150000.0,4.328999996185303,9.0,416216406.25,1,2963460812.5,2963460812.5,0.9,True,True,True
0,000020,830,15.4,15.3,15.27,15.5,15.2,11:08:03.366,11080561,-1540,30239,1,46517544.0,13579,16660,0,1680,15.39,15.4,16,34,15.38,15.41,71,188,15.37,15.42,4,157,15.36,15.43,53,30,15.35,15.44,21,59,"(12,)",0,0,0,0,-0.05,830,181165390.625,18,35,20251025,19920428,283161191.40625,12390000.0,142430498.046875,6062678750.0,101995800.78125,0.0,799.9999821186066,7532313125.0,5082980000.0,1613215000.0,328326992.1875,28401.0,3228700937.5,0.0,1465776875.0,4249259062.5,6829502500.0,5992382500.0,2295464062.5,256423007.8125,5545000.0,-446760000.0,-461106015.625,706965000.0,256537988.28125,212668984.375,212668984.375,-822046015.625,1.5010000467300415,9.0,181165390.625,1,2789947015.625,2789947015.625,0.9,True,True,True
0,000068,623,3.59,3.56,3.57,3.61,3.55,11:08:10.452,11081742,-359,66517,29,23846830.0,28179,38339,0,1881,3.58,3.59,3336,1030,3.57,3.6,2553,5567,3.56,3.61,3185,6482,3.55,3.62,3329,2299,3.54,3.63,1245,1349,"(5644,)",0,0,0,0,0.0,623,1006671484.375,18,39,20251030,19970611,1006671484.375,15510000.0,-733717187.5,5918214375.0,0.0,0.0,-1000.0000149011612,40219865000.0,14311812500.0,571526992.1875,1144212968.75,38067.0,17086326250.0,3901280000.0,11886831250.0,6079765000.0,5176196250.0,4781256875.0,4205048750.0,-396598007.8125,-725000.0,2500684062.5,-426075000.0,593673007.8125,-899275000.0,-968298046.875,-1000640000.0,-17450876250.0,0.6039999723434448,9.0,1006671484.375,1,3613950628.90625,3613950628.90625,1.0,True,True,True
0,000151,843,13.8,13.72,13.78,13.83,13.65,11:08:04.326,11080721,-1380,33910,10,46665000.0,15742,18168,0,4354,13.8,13.81,178,83,13.79,13.82,219,452,13.78,13.83,225,830,13.77,13.84,141,47,13.76,13.85,183,212,"(13,)",0,0,0,0,-0.13,843,307934707.03125,7,13,20260203,20000906,337370703.125,15510000.0,-1428463750.0,9149068750.0,0.0,0.0,-799.9999821186066,21975712500.0,19033037500.0,741727968.75,265443984.375,26817.0,18864618750.0,-1003874062.5,9930790625.0,3328605000.0,8262118750.0,6859642500.0,2156232031.25,-295691992.1875,274084003.90625,-867405937.5,-541215000.0,1609050937.5,-293066992.1875,-340860000.0,-283750996.09375,-11422436250.0,0.9869999885559082,9.0,307934707.03125,1,4249498957.03125,4249498957.03125,0.9,True,True,True
0,000153,728,6.74,6.73,6.73,6.76,6.7,11:08:04.962,11080827,-674,38476,20,25913408.0,20829,17647,0,1810,6.74,6.75,246,1075,6.73,6.76,1425,2182,6.72,6.77,1615,1730,6.71,6.78,719,1870,6.7,6.79,1231,1171,"(1357,)",0,0,0,0,-0.14,728,458868515.625,24,34,20260110,20000920,464685507.8125,12270000.0,1473028437.5,32614227500.0,0.0,0.0,2199.999988079071,49684010000.0,20919348750.0,11110061250.0,2393592031.25,39078.0,23050822500.0,244270000.0,4581380000.0,21015455000.0,31251460000.0,25781397500.0,11004463750.0,1143336015.625,84765000.0,888135000.0,192407988.28125,5794623750.0,1139499062.5,982150000.0,1002842968.75,10438818125.0,4.521999835968018,9.0,458868515.625,1,3092773795.3125,3092773795.3125,1.0,True,True,True
0,000419,820,6.69,6.68,6.67,6.7,6.59,11:08:08.592,11081432,-669,46932,9,31226616.0,22659,24273,0,1708,6.68,6.69,756,120,6.67,6.7,387,1369,6.66,6.71,711,1599,6.65,6.72,463,615,6.64,6.73,521,709,"(1804,)",0,0,0,0,0.15,820,543582695.3125,21,12,20260115,19960816,543582695.3125,15520000.0,1461816718.75,12834572500.0,0.0,0.0,2300.000041723252,56931980000.0,25169380000.0,6940940625.0,1927214062.5,25729.0,11140572500.0,3254465000.0,4173943125.0,34974000000.0,13563580000.0,10466496250.0,693097031.25,1615265937.5,764592031.25,2976674062.5,1796407968.75,1916800937.5,1643415000.0,1369124062.5,1244138984.375,14403515000.0,6.434000015258789,9.0,543582695.3125,1,3636568231.640625,3636568231.640625,1.0,True,True,True
0,000421,895,7.08,7.08,7.1,7.11,7.03,11:08:08.358,11081393,-708,51220,16,36200512.0,27574,23646,0,5510,7.07,7.09,913,924,7.06,7.1,326,2618,7.05,7.11,780,1141,7.04,7.12,1673,1322,7.03,7.13,1042,887,"(12,)",0,0,0,0,0.0,895,574296289.0625,26,42,20251028,19960806,574415703.125,13450000.0,-144157802.734375,36379860000.0,0.0,0.0,2000.0000298023224,105708600000.0,48398695000.0,36912897500.0,1069474062.5,31623.0,55550710000.0,11936232500.0,4081243125.0,28097875000.0,59683190000.0,51473180000.0,3359805000.0,2560211875.0,121943007.8125,15770742500.0,-23207001.953125,21868755000.0,2591796093.75,1877730000.0,1159011015.625,16109748750.0,4.892000198364258,9.0,574296289.0625,1,4066017726.5625,4066017726.5625,0.95,True,True,True
0,000430,530,7.4,7.49,7.45,7.47,7.38,11:08:08.166,11081361,-740,23192,1,17184368.0,16590,6602,0,872,7.4,7.41,1994,182,7.39,7.42,3410,156,7.38,7.43,2269,26,7.37,7.44,1787,178,7.36,7.45,1352,312,"(13,)",0,0,0,0,-0.12,530,370556484.375,21,10,20251226,19960829,809635390.625,23780000.0,-647250507.8125,3102056875.0,0.0,0.0,-599.9999865889549,20991755000.0,1186190000.0,8871136875.0,4541523125.0,19698.0,8568122500.0,0.0,8522395000.0,2677614062.5,3365975000.0,2735040937.5,81823999.0234375,-132520000.0,22868999.0234375,418876992.1875,59000000.0,37773999.0234375,-133357998.046875,-223963984.375,-223963984.375,-10515551250.0,0.6610000133514404,9.0,370556484.375,1,2742117984.375,2742117984.375,1.0,True,True,True
0,000488,550,2.17,2.12,2.12,2.2,2.12,11:08:11.304,11081884,-217,206052,3,44390752.0,45251,160801,0,25444,2.17,2.18,12882,6533,2.16,2.19,6114,19073,2.15,2.2,8197,25027,2.14,2.21,9343,7733,2.13,2.22,12334,13031,"(13,)",0,0,0,0,-0.45,550,1681387343.75,15,38,20251031,20001120,2941456250.0,12220000.0,-7100985000.0,198247460000.0,706385234.375,528305195.3125,-20499.99952316284,528549760000.0,85279520000.0,297749800000.0,16165218750.0,109647.0,400892040000.0,21475597500.0,52412795000.0,31968895000.0,33478605000.0,54326125000.0,8824521250.0,-65228440000.0,-7154050000.0,7025893125.0,-405815000.0,26830045000.0,-65493170000.0,-64365090000.0,-60078160000.0,-53999990000.0,1.087000012397766,9.0,1681387343.75,1,3648610535.9375,3648610535.9375,1.0,True,True,True
0,000504,203,8.87,8.84,8.81,8.92,8.79,11:08:07.284,11081214,-887,9344,6,8277806.0,4112,5232,0,1542,8.86,8.87,128,48,8.85,8.88,310,1,8.84,8.89,333,336,8.83,8.9,269,666,8.82,8.91,45,152,"(12,)",0,0,0,0,-0.21,203,329117890.625,21,34,20251027,19921208,330023085.9375,22750000.0,-84107597.65625,924170625.0,0.0,0.0,199.99999552965164,8419559375.0,5174368125.0,1484317031.25,623653984.375,12189.0,3643578750.0,1203283984.375,4234728125.0,2423275000.0,834383984.375,305173007.8125,1382132968.75,-24811000.9765625,53103002.9296875,173248007.8125,-447125000.0,462548007.8125,-31110000.0,-31495000.0,52322998.046875,-5457141250.0,0.734000027179718,9.0,329117890.625,1,2919275689.8437495,2919275689.8437495,1.0,True,True,True
0,000505,994,7.23,7.2,7.22,7.31,7.09,11:08:08.268,11081378,-723,70191,9,50470292.0,32811,37380,0,3263,7.23,7.24,156,295,7.22,7.25,10,817,7.21,7.26,95,640,7.2,7.27,962,912,7.19,7.28,1823,2308,"(1805,)",0,0,0,0,0.14,994,632380390.625,30,14,20260105,19921221,726950234.375,12130000.0,278544296.875,94933670000.0,64975000.0,0.0,-700.0000029802322,84974840000.0,64703845000.0,8351063125.0,3744364062.5,57700.0,38193735000.0,3401301875.0,16836737500.0,30783515000.0,62115240000.0,59029200000.0,976221953.125,-528590000.0,44873002.9296875,1490879062.5,5031657812.5,33017137500.0,-679746015.625,-787287031.25,-515016015.625,5288969375.0,4.235000133514404,9.0,632380390.625,1,4572110224.21875,4572110224.21875,0.8,True,True,True
0,000507,612,5.45,5.47,5.5,5.5,5.43,11:08:07.536,11081256,-545,27549,15,15038029.0,14643,12906,0,2596,5.45,5.46,2279,1076,5.44,5.47,2223,2000,5.43,5.48,2050,3025,5.42,5.49,1037,2362,5.41,5.5,907,2026,"(13,)",0,0,0,0,-0.17,612,902354531.25,12,16,20260202,19930326,919734921.875,16550000.0,2387892187.5,40335870000.0,0.0,0.0,2500.0,202266560000.0,57418140000.0,69174775000.0,13909947500.0,66552.0,43900485000.0,29694100000.0,13712315000.0,62724800000.0,32439140000.0,23354847500.0,13021222500.0,5420471250.0,1528277968.75,6926250000.0,-12811961250.0,2749243125.0,5137523125.0,3937955937.5,2483917031.25,25570240000.0,5.951000213623047,9.0,902354531.25,1,4917832195.3125,4917832195.3125,1.0,True,True,True
0,000509,550,3.53,3.52,3.52,3.55,3.48,11:08:10.488,11081748,-353,70182,5,24719192.0,27882,42301,0,1746,3.53,3.54,3199,3092,3.52,3.55,2395,7062,3.51,3.56,784,4360,3.5,3.57,2051,2280,3.49,3.58,1399,3320,"(3213,)",0,0,0,0,-0.27,550,1073124765.625,23,35,20260122,19930507,1073127968.75,12390000.0,-123317099.609375,7154946875.0,0.0,0.0,-99.99999776482582,8714050625.0,6069130625.0,1357792031.25,311953007.8125,35000.0,4535873125.0,809075937.5,2507822031.25,1242707031.25,5884425000.0,5588291250.0,1844973125.0,-87219003.90625,0.0,-16149000.244140623,-146022998.046875,1685170000.0,-86327001.953125,-92207001.953125,-98557998.046875,-12156351250.0,0.1159999966621398,9.0,1073124765.625,1,3788130422.65625,3788130422.65625,1.0,True,True,True
0,000514,827,5.24,5.26,5.29,5.34,5.2,11:08:00.462,11080077,-524,70442,2,36847704.0,42948,27494,0,4211,5.24,5.25,1303,1746,5.23,5.26,1535,951,5.22,5.27,2136,1025,5.21,5.28,2956,1885,5.2,5.29,2145,1075,"(13,)",0,0,0,0,-0.18,827,843770937.5,25,11,20260119,19930712,843770937.5,20700000.0,-455557812.5,2950316250.0,0.0,0.0,1899.999976158142,72499295000.0,39454885000.0,5755298750.0,996840000.0,50739.0,24339522500.0,2779458125.0,11977821250.0,37923340000.0,1982080000.0,1626945937.5,2423042968.75,1819432031.25,2457876875.0,604072031.25,-28726000.9765625,27342627500.0,1895022031.25,1592417968.75,1613361093.75,15454873750.0,4.494999885559082,9.0,843770937.5,1,4421359712.5,4421359712.5,0.9,True,True,True
0,000518,215,2.59,2.59,2.61,2.63,2.59,11:07:21.852,11073642,-259,45427,71,11832743.0,22679,22748,0,3069,2.59,2.6,6752,3223,2.58,2.61,3224,2432,2.57,2.62,1667,7707,2.56,2.63,2403,7777,2.55,2.64,3221,2988,"(653,)",0,0,0,0,-0.37,215,1029535703.125,26,34,20260204,19930908,1029556328.125,12270000.0,-146171601.5625,1559943437.5,0.0,0.0,-99.99999776482582,5091444062.5,3968364062.5,486351992.1875,102902001.953125,59387.0,892163984.375,264620000.0,355726992.1875,3590159062.5,2943740937.5,1948471093.75,742903984.375,-131306005.859375,15474000.244140623,839712031.25,681520000.0,2222590937.5,-140775000.0,-134955000.0,-126972998.046875,-7445830000.0,0.3490000069141388,9.0,1029535703.125,1,2666497471.09375,2666497471.09375,1.0,True,True,True
0,000520,812,4.51,4.57,4.57,4.57,4.5,11:08:00.900,11080150,-451,72838,25,32906682.0,41864,30975,0,1622,4.51,4.52,12916,2476,4.5,4.53,11078,1649,4.49,4.54,3129,1150,4.48,4.55,1267,1882,4.47,4.56,1109,703,"(4365,)",0,0,0,0,-0.21,812,1012083437.5,19,8,20260202,19931025,1012083437.5,16550000.0,-220828808.59375,7554985000.0,0.0,0.0,-599.9999865889549,6312420000.0,3285734062.5,2813350937.5,0.0,71642.0,1990855000.0,0.0,19600945000.0,4027560937.5,5485069375.0,5161455000.0,866736015.625,-555248007.8125,0.0,-46137998.046875,761153984.375,101790000.0,-555385976.5625,-556171015.625,-556171015.625,-28177977500.0,0.3980000019073486,9.0,1012083437.5,1,4564496303.125,4564496303.125,1.0,True,True,True
0,000529,828,6.27,6.27,6.29,6.3,6.23,11:08:08.844,11081474,-627,29054,1,18206088.0,13730,15324,-1,3862,6.27,6.28,128,437,6.26,6.29,207,682,6.25,6.3,1293,1708,6.24,6.31,1970,1362,6.23,6.32,1533,773,"(13,)",0,0,0,0,-0.31,828,569884414.0625,12,14,20251029,19931118,583790312.5,12130000.0,850940703.125,18820298750.0,0.0,0.0,1199.99997317791,68169220000.0,27629350000.0,9594186250.0,2192811875.0,34215.0,18487120000.0,457473007.8125,4182455937.5,31694487500.0,16886547500.0,16074051250.0,460062031.25,722822031.25,578685000.0,-1419725000.0,-700045000.0,2821277812.5,806883984.375,681895000.0,671488984.375,14796442500.0,5.428999900817871,9.0,569884414.0625,1,3573175276.1718745,3573175276.1718745,1.0,True,True,True
0,000548,744,5.84,5.83,5.85,5.88,5.8,11:08:07.302,11081217,-584,43427,7,25381788.0,19952,23476,0,2036,5.83,5.84,831,321,5.82,5.85,3926,520,5.81,5.86,1564,1483,5.8,5.87,724,4408,5.79,5.88,335,2574,"(3916,)",0,0,0,0,0.17,744,499173984.375,21,6,20260202,19931220,499215781.25,16540000.0,917972265.625,5142118125.0,0.0,0.0,1099.9999940395355,24637172500.0,13404381250.0,3326273125.0,1319079062.5,41964.0,3232470000.0,0.0,4782680000.0,20679706250.0,3784762187.5,2084720000.0,299374003.90625,827419062.5,4441000.061035156,-331911015.625,-1358236093.75,5318951875.0,812761015.625,563706992.1875,563706992.1875,9164661250.0,4.142000198364258,9.0,499173984.375,1,2915176068.75,2915176068.75,1.0,True,True,True
0,000570,812,6.12,6.09,6.09,6.15,6.07,11:08:01.734,11080289,-612,73412,90,44927552.0,36282,37130,0,914,6.12,6.13,562,226,6.11,6.14,417,1195,6.1,6.15,776,5151,6.09,6.16,187,2928,6.08,6.17,309,1214,"(13,)",0,0,0,0,-0.15,812,555692500.0,26,26,20260123,19940701,705692500.0,12340000.0,463574414.0625,19579668750.0,150000000.0,0.0,599.9999865889549,53049530000.0,31883220000.0,5633566250.0,1382122031.25,44754.0,15175587500.0,812705000.0,6405096250.0,34368485000.0,20623801250.0,18330623750.0,12977511250.0,629937968.75,89907998.046875,-2149157031.25,-1950152968.75,5196850000.0,630576992.1875,505064023.4375,444887968.75,10210599375.0,4.869999885559082,9.0,555692500.0,1,3400838100.0,3400838100.0,1.0,True,True,True
0,000576,1130,10.86,10.78,10.72,10.95,10.67,11:08:06.090,11081015,-1086,42775,5,46341696.0,19686,23089,0,1233,10.85,10.86,43,2,10.84,10.87,34,144,10.83,10.88,199,173,10.82,10.89,138,217,10.81,10.9,233,469,"(12,)",0,0,0,0,0.0,1130,433815312.5,12,29,20251025,19940907,436418203.125,12390000.0,200283808.59375,2783806562.5,0.0,0.0,1800.0000715255735,22607022500.0,10497832500.0,1083208984.375,262193984.375,37910.0,3087855937.5,598833007.8125,6696043750.0,16513701250.0,3611437812.5,1967300937.5,4618062187.5,736362031.25,433380000.0,113981992.1875,-84582001.953125,2612389062.5,1045562968.75,795052031.25,775312968.75,4405407812.5,3.783999919891357,9.0,433815312.5,1,4711234293.75,4711234293.75,0.8,True,True,True
0,000590,1105,12.38,12.28,12.29,12.55,12.2,11:08:05.178,11080863,-1238,48804,113,60410300.0,21755,27050,0,7313,12.37,12.38,30,26,12.36,12.39,74,166,12.35,12.4,26,148,12.34,12.41,6,89,12.32,12.42,46,119,"(3853,)",0,0,0,0,-0.39,1105,239371406.25,21,34,20251223,19960119,239471308.59375,12270000.0,-284544707.03125,2162311875.0,0.0,0.0,-599.9999865889549,9455893125.0,4312295000.0,2845903750.0,1261262968.75,17617.0,1624625000.0,24270000.0,4740643125.0,5834255000.0,2248157031.25,1198992031.25,32345000.0,-123868007.8125,922999.9542236328,331316992.1875,-195907988.28125,1149050937.5,-127360996.09375,-150629003.90625,-148206005.859375,-1760085000.0,2.436000108718872,9.0,239371406.25,1,2963418009.375,2963418009.375,1.0,True,True,True
0,000605,702,7.33,7.29,7.29,7.35,7.26,11:08:06.408,11081068,-733,25953,3,18974070.0,9841,16112,0,3069,7.32,7.33,348,173,7.31,7.34,374,458,7.3,7.35,357,2929,7.29,7.36,89,1387,7.28,7.37,213,1368,"(2572,)",0,0,0,0,0.0,702,352658593.75,7,42,20251028,19960913,352658593.75,13460000.0,120922197.265625,12028471250.0,0.0,0.0,399.9999910593033,78877555000.0,21857105000.0,21960642500.0,6841390000.0,23196.0,30021340000.0,5443911250.0,10891757500.0,21304867500.0,11354967500.0,8815550000.0,10291092500.0,286913984.375,261716992.1875,262385000.0,-1768050937.5,785486015.625,278045996.09375,166018984.375,132015000.0,6154301250.0,6.040999889373779,9.0,352658593.75,1,2584987492.1875,2584987492.1875,1.0,True,True,True
0,000615,273,3.18,3.12,3.16,3.19,3.13,11:07:59.898,11079983,-318,41006,44,12963499.0,12564,28443,0,2413,3.17,3.18,855,2829,3.16,3.19,2166,2448,3.15,3.2,2435,4552,3.14,3.21,3769,3000,3.13,3.22,2840,4001,"(3788,)",0,0,0,0,0.32,273,925316406.25,19,9,20260209,19961016,1787492656.25,26840000.0,-827122734.375,7943307500.0,0.0,0.0,-1599.9999642372131,27372000000.0,5027640000.0,9048590000.0,2036500000.0,35007.0,13728781250.0,1786856093.75,8140440625.0,-2532326875.0,7218300625.0,5690596250.0,567253984.375,-1371602968.75,9276999.51171875,102642001.953125,-199024003.90625,1320961093.75,-1412929062.5,-1485740937.5,-1238592968.75,-18712745000.0,-0.3319999873638153,9.0,925316406.25,1,2942506171.875,2942506171.875,1.0,True,True,True
0,000619,1094,6.63,6.61,6.67,6.68,6.58,11:08:06.828,11081138,-663,56415,28,37407144.0,22010,34405,0,3702,6.62,6.63,121,409,6.61,6.64,418,55,6.6,6.65,812,210,6.59,6.66,229,1293,6.58,6.67,600,702,"(12,)",0,0,0,0,0.15,1094,360000000.0,24,21,20251029,19961023,441168789.0625,12290000.0,-264124609.375,40876247500.0,0.0,0.0,-900.0000357627869,53623230000.0,31845960000.0,16498320000.0,3759985000.0,26369.0,20951223750.0,4019839062.5,8580446250.0,25502205000.0,36553747500.0,33331900000.0,10583921250.0,-329360000.0,27317998.046875,1733332031.25,371460000.0,9575175000.0,-320984003.90625,-367381015.625,-383481015.625,9950968125.0,5.781000137329102,9.0,360000000.0,1,2386800000.0,2386800000.0,1.0,True,True,True
0,000626,666,7.76,7.75,7.78,7.78,7.68,11:08:07.950,11081325,-776,23644,3,18287306.0,11843,11801,0,2264,7.75,7.76,90,306,7.74,7.77,767,664,7.73,7.78,327,688,7.72,7.79,36,186,7.71,7.8,265,654,"(1868,)",0,0,0,0,0.13,666,503716484.375,26,13,20251027,19961128,506626914.0625,15510000.0,-760738203.125,666028720000.0,0.0,0.0,599.9999865889549,84251170000.0,70833560000.0,4191601875.0,1166690000.0,22483.0,54422830000.0,2434477968.75,13182611250.0,23759547500.0,634836840000.0,632456760000.0,12269910000.0,712163984.375,2135000937.5,-4645909062.5,-1755871093.75,10092249375.0,808991015.625,467078984.375,321810000.0,5134396875.0,4.690000057220459,9.0,503716484.375,1,3908839918.75,3908839918.75,1.0,True,True,True
0,000635,791,10.21,10.22,10.23,10.26,10.08,11:08:01.080,11080180,-1021,27109,8,27624264.0,14217,12892,0,1207,10.21,10.22,7,109,10.2,10.23,15,26,10.19,10.24,24,2,10.18,10.25,78,65,10.17,10.26,63,574,"(13,)",0,0,0,0,0.0,791,303087597.65625,14,19,20260203,19961120,394133593.75,12260000.0,-2579159062.5,13759887500.0,0.0,0.0,-7900.000214576721,29931522500.0,7968965625.0,19440615000.0,604281992.1875,20348.0,12829900000.0,0.0,24680805000.0,15433193750.0,12800352500.0,14251660000.0,435480000.0,-2443189062.5,1031000.0610351562,-3055826875.0,4333207812.5,945369062.5,-2407000000.0,-2474253906.25,-2474253906.25,-14513476250.0,3.9159998893737793,9.0,303087597.65625,1,3094524372.070313,3094524372.070313,1.0,True,True,True
0,000669,278,3.23,3.08,3.23,3.23,3.23,11:08:03.468,11080578,-323,89421,32,28883112.0,80612,8809,0,56909,3.23,0.0,320902,0,3.22,0.0,151,0,3.21,0.0,620,0,3.2,0.0,232,0,3.19,0.0,189,0,"(2573,)",0,0,0,0,0.0,278,680408828.125,21,42,20251031,19961210,680408828.125,13450000.0,-951792500.0,9518528750.0,0.0,0.0,-700.0000029802322,24016830000.0,2153257031.25,15465498750.0,2718099062.5,15232.0,15753930000.0,912153046.875,16183915000.0,-111008994.140625,9101368750.0,8371255000.0,260312988.28125,-361970000.0,46335996.09375,729416015.625,9487999.877929688,157637998.046875,-523365000.0,-634956015.625,-462308007.8125,-24247280000.0,-0.0160000007599592,9.0,680408828.125,1,2197720514.84375,2197720514.84375,1.0,True,True,True
0,000679,512,7.45,7.43,7.41,7.47,7.36,11:08:08.136,11081356,-745,15134,3,11235257.0,6284,8850,0,1215,7.45,7.46,227,179,7.44,7.47,132,522,7.43,7.48,222,685,7.42,7.49,342,734,7.41,7.5,348,1354,"(13,)",0,0,0,0,-0.12,512,356400000.0,5,12,20251031,19970124,356400000.0,15520000.0,-413423398.4375,1245939531.25,0.0,0.0,-1599.9999642372131,9752015000.0,3160435937.5,1664942031.25,1177082968.75,19099.0,8579586250.0,-863662031.25,688272031.25,1974003906.25,2585551875.0,2123126875.0,445540000.0,-540981015.625,0.0,-1723525000.0,-146253007.8125,625247031.25,-666986015.625,-667041015.625,-571000000.0,-4261390000.0,0.5540000200271606,9.0,356400000.0,1,2655180000.0,2655180000.0,1.0,True,True,True
0,000692,875,3.95,3.89,3.89,3.96,3.85,11:08:10.236,11081706,-395,84054,16,32869688.0,35729,48325,0,1856,3.94,3.95,1255,3886,3.93,3.96,998,2416,3.92,3.97,1571,2506,3.91,3.98,2547,3437,3.9,3.99,1017,2424,"(12,)",0,0,0,0,0.25,875,532833007.8125,5,42,20251029,19970227,532833007.8125,13440000.0,-4547060937.5,12285098750.0,0.0,0.0,-5899.999737739563,52740245000.0,17181950000.0,33730272500.0,622387968.75,25597.0,41276672500.0,-751445000.0,18497106250.0,-1291211015.625,12236076250.0,14280055000.0,5519440000.0,-4135942187.5,0.0,-4841771875.0,-1151467968.75,4120878125.0,-4144892187.5,-4193395000.0,-3166288125.0,-26898520000.0,-0.2419999986886978,9.0,532833007.8125,1,2104690380.859375,2104690380.859375,0.9,True,True,True
0,000698,291,3.89,3.87,3.88,3.9,3.87,11:07:26.472,11074412,-389,31446,30,12224746.0,16047,15400,0,1114,3.89,3.9,2404,5703,3.88,3.91,2801,2451,3.87,3.92,5107,1306,3.86,3.93,1663,4116,3.85,3.94,1366,1059,"(6349,)",0,0,0,0,-0.25,291,785714375.0,5,5,20251025,19970220,819514375.0,12260000.0,-1870128125.0,36056097500.0,0.0,0.0,1099.9999940395355,52001385000.0,22157637500.0,22702210000.0,5250166250.0,46492.0,31239080000.0,0.0,13371190000.0,14773331250.0,40025922500.0,36989337500.0,1983515000.0,873365000.0,0.0,4590487187.5,4081655937.5,3168170000.0,1029903046.875,888971953.125,888971953.125,-10643800000.0,1.8029999732971191,9.0,785714375.0,1,3056428918.75,3056428918.75,1.0,True,True,True
0,000701,926,6.39,6.38,6.39,6.41,6.31,11:08:08.772,11081462,-639,62725,8,39918120.0,35184,27541,1,288,6.38,6.39,464,1244,6.37,6.4,1411,2772,6.36,6.41,782,1630,6.35,6.42,1052,1447,6.34,6.43,817,3900,"(12,)",0,0,0,0,0.16,926,667746562.5,20,13,20260110,19970226,668313125.0,15510000.0,-1417887968.75,342857520000.0,0.0,0.0,-1299.9999523162842,171584120000.0,119116310000.0,8931503125.0,1390094062.5,48340.0,108979510000.0,8413161250.0,26509045000.0,24938627500.0,269210100000.0,262050520000.0,23859255000.0,588610976.5625,2174831093.75,-14350176250.0,4002226875.0,25569815000.0,595808007.8125,306282011.71875,66375000.0,-40088840000.0,-0.7490000128746033,9.0,667746562.5,1,4266900534.375,4266900534.375,0.9,True,True,True
0,000702,718,7.18,7.2,7.2,7.2,7.12,11:08:06.498,11081083,-718,26120,1,18699124.0,15362,10759,0,3096,7.17,7.18,74,69,7.16,7.19,117,291,7.15,7.2,442,1791,7.14,7.21,1022,1600,7.13,7.22,489,4515,"(5388,)",0,0,0,0,0.0,718,266634609.375,21,17,20251028,19970318,346625000.0,12130000.0,-222408808.59375,7847202500.0,0.0,0.0,-299.99999329447746,5055842187.5,2194817031.25,1261951953.125,59396000.9765625,31981.0,2025075000.0,-587312968.75,4365423125.0,3520348750.0,7968913125.0,7408031250.0,798817031.25,-101769003.90625,1779000.0915527344,-361137968.75,-2281807968.75,864192031.25,-99528994.140625,-101607001.953125,-104797998.046875,-4844605937.5,1.0160000324249268,9.0,266634609.375,1,1914436495.3125,1914436495.3125,1.0,True,True,True
0,000705,881,9.68,9.61,9.6,9.72,9.58,11:08:06.798,11081133,-968,38976,15,37623720.0,18810,20166,0,2074,9.67,9.68,165,153,9.66,9.69,261,362,9.65,9.7,172,558,9.64,9.71,393,714,9.63,9.72,175,519,"(12,)",0,0,0,0,0.0,881,281960703.125,28,12,20251031,19970410,334123281.25,15510000.0,435689414.0625,28516245000.0,0.0,0.0,1700.0000178813934,30307602500.0,14712365000.0,7279580000.0,1004245000.0,35792.0,6772028125.0,0.0,5197368125.0,20174685000.0,17796306250.0,13179162500.0,3187190000.0,669986015.625,333143984.375,300290000.0,-113631992.1875,4989335000.0,651073007.8125,560447031.25,560599023.4375,9790855000.0,6.038000106811523,9.0,281960703.125,1,2729379606.25,2729379606.25,1.0,True,True,True
0,000707,790,6.66,6.68,6.7,6.74,6.62,11:08:06.810,11081135,-666,47058,2,31330052.0,23321,23737,0,1642,6.65,6.66,860,815,6.64,6.67,374,622,6.63,6.68,185,321,6.62,6.69,275,1102,6.61,6.7,964,1249,"(524,)",0,0,0,0,-0.14,790,464145781.25,19,19,20251028,19970415,584717187.5,12260000.0,3394271562.5,20409411250.0,0.0,0.0,-500.0000074505806,56804045000.0,16958636250.0,33870122500.0,4478090000.0,39069.0,12457770000.0,489612031.25,16245026250.0,28474260000.0,15505231250.0,12958372500.0,0.0,668849062.5,19930000.0,-553035000.0,-2880693125.0,1113413984.375,686886015.625,273070996.09375,-262345996.09375,3704862812.5,4.869999885559082,9.0,464145781.25,1,3091210903.125,3091210903.125,1.0,True,True,True
0,000713,763,6.79,6.85,6.83,6.85,6.79,11:08:01.332,11080222,-679,58584,14,39875236.0,37921,20664,0,1229,6.79,6.8,9725,16,6.78,6.81,4706,1101,6.77,6.82,2217,1530,6.76,6.83,2040,1715,6.75,6.84,2811,1882,"(6285,)",0,0,0,0,-0.14,763,614015000.0,24,17,20260202,19970422,798219531.25,10050000.0,-710513437.5,17204847500.0,0.0,0.0,-1500.0000596046448,35230580000.0,21051065000.0,5612451250.0,2605852968.75,67378.0,13275597500.0,758927031.25,4471451250.0,19058286250.0,15255948750.0,13858056250.0,2664196250.0,-958367031.25,18307000.732421875,1364962031.25,1204000000.0,9876150000.0,-973710000.0,-977200937.5,-907137968.75,7355656250.0,3.1040000915527344,9.0,614015000.0,1,4169161850.0,4169161850.0,0.85,True,True,True
0,000715,829,6.47,6.55,6.54,6.54,6.41,11:08:08.724,11081454,-647,63241,5,40843996.0,36218,27023,0,2511,6.47,6.48,126,112,6.46,6.49,864,589,6.45,6.5,1303,559,6.44,6.51,532,703,6.43,6.52,804,411,"(1165,)",0,0,0,0,-0.3,829,538993398.4375,5,12,20260202,19970508,540434609.375,15520000.0,552588007.8125,5663524375.0,0.0,0.0,1299.9999523162842,26964647500.0,10314036250.0,5759896250.0,1546284062.5,20000.0,6180342500.0,12140000.0,590514023.4375,19645668750.0,5619950000.0,2522025000.0,17996999.51171875,909071953.125,8832000.122070312,977455937.5,-365893007.8125,726280000.0,911790000.0,685752968.75,684145000.0,11472210000.0,3.634999990463257,9.0,538993398.4375,1,3487287287.890625,3487287287.890625,0.9,True,True,True
0,000726,707,7.64,7.65,7.65,7.7,7.61,11:08:08.022,11081337,-764,34310,1,26212646.0,16837,17474,0,1033,7.63,7.64,267,183,7.62,7.65,895,1394,7.61,7.66,1691,2004,7.6,7.67,873,1373,7.59,7.68,1126,817,"(3276,)",0,0,0,0,-0.12,707,589117812.5,15,15,20260106,20001225,817307031.25,12170000.0,2878533750.0,44010720000.0,226125996.09375,0.0,6200.000047683716,141683210000.0,66280460000.0,56906760000.0,3251611875.0,46011.0,16208961250.0,3173526875.0,1789290937.5,97532310000.0,42998195000.0,33037487500.0,7764925000.0,5868192500.0,2510206093.75,4091805000.0,1915618906.25,21565720000.0,5917282500.0,5121850000.0,5026715937.5,72723755000.0,11.845999717712402,9.0,589117812.5,1,4500860087.5,4500860087.5,1.0,True,True,True
0,000731,551,6.92,6.98,7.0,7.0,6.91,11:08:08.454,11081409,-692,26209,8,18171190.0,13783,12426,0,2870,6.92,6.93,1217,575,6.91,6.94,1875,225,6.9,6.95,1726,939,6.89,6.96,705,646,6.88,6.97,511,244,"(13,)",0,0,0,0,-0.13,551,548825898.4375,23,28,20260202,19970617,548825898.4375,12260000.0,1893807968.75,28684725000.0,0.0,0.0,-99.99999776482582,51678615000.0,30194862500.0,17905886250.0,1702906093.75,37821.0,5363428125.0,3378740000.0,4465371875.0,40329062500.0,27171622500.0,24427205000.0,908228046.875,77640996.09375,258870996.09375,-857367031.25,-328787031.25,4828705000.0,75439003.90625,-82760000.0,-72902001.953125,26462477500.0,7.217000007629394,9.0,548825898.4375,1,3797875217.1875,3797875217.1875,1.0,True,True,True
0,000752,243,10.87,10.86,10.86,10.92,10.82,11:07:55.284,11079214,-1087,8273,2,8977374.0,4772,3501,0,1086,10.86,10.87,164,207,10.85,10.88,257,200,10.84,10.89,188,364,10.83,10.9,264,242,10.82,10.91,441,182,"(12,)",0,0,0,0,0.18,243,263758496.09375,31,37,20260126,19970625,263758496.09375,12150000.0,239918691.40625,2994596250.0,0.0,0.0,5500.00011920929,14077498750.0,10596365000.0,1422501875.0,52510996.09375,15873.0,2012317031.25,5583532500.0,5458403750.0,6147163750.0,3251251875.0,1861976875.0,101999.99809265137,2729940000.0,-22025000.0,1012953046.875,3992471250.0,353084023.4375,2773111875.0,2538514062.5,1449070000.0,-2641075000.0,2.3310000896453857,9.0,263758496.09375,1,2867054852.5390625,2867054852.5390625,1.0,True,True,True
0,000757,860,5.33,5.29,5.29,5.34,5.27,11:08:09.408,11081568,-533,51094,43,27153640.0,21630,29464,0,661,5.32,5.33,917,1921,5.31,5.34,905,4020,5.3,5.35,1617,3222,5.29,5.36,2022,1380,5.28,5.37,3723,297,"(12,)",0,0,0,0,0.0,860,532706015.625,23,7,20260203,19970627,532716093.75,15520000.0,-238920000.0,26295305000.0,0.0,0.0,799.9999821186066,24612977500.0,16131237500.0,4956723125.0,268008007.8125,25602.0,7953511875.0,0.0,14941710000.0,15921430000.0,21830527500.0,19042347500.0,1382586093.75,533989023.4375,-24891999.51171875,2313384062.5,-387601015.625,3970282812.5,535331992.1875,427751992.1875,427751992.1875,-4754953125.0,2.989000082015991,9.0,532706015.625,1,2839323063.28125,2839323063.28125,1.0,True,True,True
0,000779,1182,9.24,9.19,9.16,9.32,9.12,11:08:05.262,11080877,-924,90936,11,84193968.0,37573,53363,-1,6760,9.24,9.26,502,177,9.23,9.27,479,466,9.22,9.28,355,223,9.21,9.29,346,184,9.2,9.3,472,791,"(653,)",0,0,0,0,-0.31,1182,464774687.5,4,21,20260202,19970528,464829492.1875,22740000.0,1803250312.5,13703638750.0,0.0,0.0,3400.000035762787,54431595000.0,36403130000.0,9743534375.0,1895450937.5,28201.0,13071415000.0,63659003.90625,17075442500.0,39525340000.0,14147545000.0,8970488125.0,16131237500.0,1931600000.0,70071997.0703125,-1232324062.5,-5019246875.0,374325000.0,1929210937.5,1576535000.0,1577157031.25,16996668750.0,8.503000259399414,9.0,464774687.5,1,4294518112.5,4294518112.5,1.0,True,True,True
0,000788,939,6.39,6.36,6.36,6.42,6.33,11:08:08.772,11081462,-639,76376,50,48768440.0,34222,42154,0,757,6.39,6.4,547,939,6.38,6.41,1440,1562,6.37,6.42,1332,2045,6.36,6.43,1670,2428,6.35,6.44,2541,2447,"(13,)",0,0,0,0,-0.15,939,595987382.8125,25,34,20251031,19970616,595987382.8125,12270000.0,1303649921.875,15343302500.0,0.0,0.0,2300.000041723252,20988900000.0,17561792500.0,1180740000.0,1244600000.0,49362.0,4628678750.0,-6462999.877929688,1991728906.25,16149765000.0,12311932500.0,8984228125.0,7565805000.0,1640377968.75,24718999.0234375,1317382968.75,356481015.625,1440501875.0,1666556093.75,1359805937.5,1359805937.5,7502355000.0,2.7100000381469727,9.0,595987382.8125,1,3808359376.171875,3808359376.171875,0.8,True,True,True
0,000789,623,5.7,5.69,5.7,5.72,5.62,11:08:09.186,11081531,-570,39831,7,22623040.0,18549,21283,0,752,5.7,5.71,651,1106,5.69,5.72,1345,1658,5.68,5.73,4990,1054,5.67,5.74,216,1658,5.66,5.75,239,1873,"(3789,)",0,0,0,0,0.0,623,797407421.875,22,22,20251030,19970923,797407421.875,12300000.0,69781401.3671875,40180030000.0,0.0,0.0,99.99999776482582,157993820000.0,71804855000.0,60604180000.0,15273600000.0,46758.0,41172380000.0,33524947500.0,519483007.8125,65903920000.0,33277070000.0,28063987500.0,14790675000.0,696330000.0,173346992.1875,4155935000.0,1696203906.25,4626043125.0,749400937.5,170893984.375,74853999.0234375,53907990000.0,8.07699966430664,9.0,797407421.875,1,4545222304.6875,4545222304.6875,1.0,True,True,True
0,000790,962,4.13,4.08,4.1,4.14,4.04,11:08:04.728,11080788,-413,108485,23,44541632.0,37432,71053,0,5367,4.12,4.13,1384,3869,4.11,4.14,1312,3646,4.1,4.15,1124,2829,4.09,4.16,866,2174,4.08,4.17,356,5517,"(2892,)",0,0,0,0,0.0,962,622614609.375,23,34,20251030,19980327,623719414.0625,12270000.0,57378701.171875,6630792500.0,0.0,0.0,-1599.9999642372131,18617050000.0,5462131875.0,4569807812.5,1762167031.25,36981.0,8000481250.0,174715000.0,662902031.25,9323530000.0,4573846250.0,2493496093.75,2701561875.0,-916119062.5,-250587988.28125,-103406992.1875,-499964023.4375,601727968.75,-929417031.25,-971142031.25,-977851953.125,1181117031.25,1.4950000047683716,9.0,622614609.375,1,2571398336.71875,2571398336.71875,0.95,True,True,True
0,000809,604,3.51,3.51,3.53,3.53,3.48,11:08:10.500,11081750,-351,50409,24,17627332.0,28632,21778,1,1610,3.5,3.51,1320,2727,3.49,3.52,2367,2769,3.48,3.53,3814,3061,3.47,3.54,2786,3211,3.46,3.55,2616,4972,"(3212,)",0,0,0,0,0.29,604,824791328.125,5,43,20260128,19980616,824791328.125,12380000.0,-784303671.875,850060937.5,0.0,0.0,-599.9999865889549,29091562500.0,11341165000.0,2880765000.0,785295000.0,28743.0,2259767031.25,102337001.953125,827658984.375,26705950000.0,1026855000.0,1081921953.125,1093117968.75,-490585976.5625,-88682001.953125,-538428984.375,-8379345000.0,673530000.0,-490568984.375,-504616992.1875,-499100000.0,15662545000.0,3.23799991607666,9.0,824791328.125,1,2895017561.71875,2895017561.71875,1.0,True,True,True
0,000862,1138,6.3,6.38,6.39,6.39,6.26,11:08:08.826,11081471,-630,84940,30,53462864.0,48348,36593,0,2748,6.3,6.31,141,1054,6.29,6.32,1779,757,6.28,6.33,2432,518,6.27,6.34,2133,896,6.26,6.35,2118,520,"(3853,)",0,0,0,0,0.0,1138,627967109.375,14,16,20251025,19980915,917954687.5,13440000.0,1905295937.5,9301226250.0,0.0,0.0,2599.9999046325684,88700810000.0,24756315000.0,59815320000.0,771965000.0,47122.0,30934397500.0,810438984.375,34312715000.0,44831955000.0,9752275625.0,5992065000.0,23336837500.0,2663018125.0,27045998.53515625,10441881875.0,-55542998.046875,365303007.8125,2661598125.0,2429415937.5,2374515000.0,1095880000.0,4.883999824523926,9.0,627967109.375,1,3956192789.0625,3956192789.0625,0.85,True,True,True
0,000868,493,4.93,4.92,4.92,4.95,4.9,11:08:04.248,11080708,-493,47839,200,23572246.0,21178,26661,0,1663,4.93,4.94,220,13689,4.92,4.95,9452,7419,4.91,4.96,3958,2900,4.9,4.97,2594,1684,4.89,4.98,2046,1564,"(397,)",0,0,0,0,0.0,493,733328437.5,24,7,20260202,19970725,939514765.625,12360000.0,-53590000.0,16942357500.0,0.0,0.0,-99.99999776482582,42529620000.0,31963450000.0,5798238125.0,1611162968.75,46856.0,33051490000.0,355196015.625,13122737500.0,8513180000.0,24459747500.0,22500055000.0,12694221250.0,-202545000.0,44962998.046875,-344330000.0,-503816992.1875,3739693125.0,-198098007.8125,-199336992.1875,-86578994.140625,-14780481250.0,0.906000018119812,9.0,733328437.5,1,3615309196.875,3615309196.875,1.0,True,True,True
0,000889,1049,3.81,3.8,3.8,3.83,3.77,11:08:10.320,11081720,-381,107855,31,41017332.0,49116,58739,0,4013,3.8,3.81,1182,684,3.79,3.82,2431,3944,3.78,3.83,1850,4234,3.77,3.84,1263,3007,3.76,3.85,1251,3958,"(2508,)",0,0,0,0,0.26,1049,869849687.5,11,24,20251031,19971218,936291093.75,18650000.0,-230992695.3125,10780760000.0,0.0,0.0,-299.99999329447746,8891875000.0,7087411875.0,434790000.0,5091000.061035156,38025.0,7896461250.0,1361999.969482422,14896637500.0,709770000.0,11859761250.0,10968132500.0,5859631875.0,-266486015.625,0.0,-230116992.1875,-360046015.625,333748007.8125,-304146992.1875,-293636015.625,-293384003.90625,-24594235000.0,0.0759999975562095,9.0,869849687.5,1,3314127309.375,3314127309.375,0.95,True,True,True
0,000897,818,2.3,2.31,2.31,2.32,2.27,11:08:11.226,11081871,-230,208035,200,47704196.0,131246,76790,0,2786,2.29,2.31,22634,28625,2.28,2.32,35504,17594,2.27,2.33,18258,12285,2.26,2.34,19396,13210,2.25,2.35,11359,21331,"(5197,)",0,0,0,0,0.0,818,1617241562.5,9,11,20251029,19990422,1617272187.5,20700000.0,3713594375.0,16548512500.0,0.0,0.0,99.99999776482582,44871190000.0,41884860000.0,39073999.0234375,14785999.755859377,81953.0,13018590000.0,996550000.0,3092440937.5,30724975000.0,3074664062.5,2020710937.5,453641015.625,322960000.0,141643994.140625,-6625740625.0,-6053063125.0,33521777500.0,311161015.625,145158994.140625,181963007.8125,10603522500.0,1.899999976158142,9.0,1617241562.5,1,3719655593.7499995,3719655593.7499995,0.9,True,True,True
0,000906,610,6.24,6.24,6.23,6.25,6.17,11:08:08.862,11081477,-624,20431,18,12700589.0,11709,8723,1,1146,6.23,6.24,2547,942,6.22,6.25,1332,2716,6.21,6.26,1925,1718,6.2,6.27,1252,1927,6.19,6.28,1184,1406,"(5196,)",0,0,0,0,0.0,610,701239765.625,28,12,20251025,19990707,709663203.125,21720000.0,3620042500.0,1472104480000.0,0.0,0.0,2300.000041723252,533931960000.0,502259600000.0,14477731250.0,4572969062.5,28465.0,414844360000.0,37929427500.0,8543915625.0,57559240000.0,1706224320000.0,1692114400000.0,73461325000.0,6247128125.0,3002943125.0,-55241460000.0,-5369332500.0,200738780000.0,6235861250.0,4499994062.5,1900270000.0,28120740000.0,6.702000141143799,9.0,701239765.625,1,4375736137.5,4375736137.5,1.0,True,True,True
0,000910,527,7.88,7.85,7.87,7.92,7.82,11:08:04.278,11080713,-788,24350,2,19188302.0,11334,13016,0,1070,7.87,7.88,80,408,7.86,7.89,588,327,7.85,7.9,109,1411,7.84,7.91,234,657,7.83,7.92,353,1519,"(12,)",0,0,0,0,0.0,527,547184492.1875,26,4,20251030,19990630,547397500.0,12200000.0,1340603281.25,37723055000.0,0.0,0.0,1299.9999523162842,97451220000.0,71187340000.0,14824025000.0,4766975000.0,17629.0,27499312500.0,1489048125.0,2433890937.5,67172980000.0,34039287500.0,25232287500.0,15925348750.0,754133984.375,74832001.953125,-200743984.375,-449591015.625,18121395000.0,744452968.75,540000976.5625,731730000.0,55944305000.0,12.270999908447266,9.0,547184492.1875,1,4311813798.4375,4311813798.4375,1.0,True,True,True
0,000919,1152,7.8,7.74,7.74,7.85,7.68,11:08:07.926,11081321,-780,71047,2,55143656.0,33882,37165,0,1370,7.8,7.81,188,439,7.79,7.82,733,136,7.78,7.83,685,417,7.77,7.84,940,556,7.76,7.85,781,1623,"(13,)",0,0,0,0,0.0,1152,621766718.75,26,34,20260202,19991118,621924492.1875,12270000.0,767564531.25,25305950000.0,0.0,0.0,1099.9999940395355,60239970000.0,35439652500.0,13646337500.0,3228650000.0,33513.0,9606682500.0,10547395000.0,10882738750.0,37923630000.0,23801430000.0,18886112500.0,5146471875.0,896028046.875,135212001.953125,892921953.125,-5769676250.0,2671485000.0,897111015.625,748181953.125,684582968.75,16668992500.0,6.079999923706055,9.0,621766718.75,1,4849780406.25,4849780406.25,1.0,True,True,True
0,000926,822,2.35,2.36,2.36,2.36,2.31,11:08:11.196,11081866,-235,176963,2,41254436.0,106639,70324,2,1539,2.34,2.35,244,10204,2.33,2.36,12542,16131,2.32,2.37,9994,10289,2.31,2.38,18636,13133,2.3,2.39,7452,8866,"(780,)",0,0,0,0,0.43,822,1573209218.75,19,11,20260204,19990618,1592964843.75,20700000.0,166303398.4375,22807670000.0,0.0,0.0,-5400.000214576721,278625120000.0,216095500000.0,5337643125.0,479390000.0,41600.0,135073560000.0,8823275000.0,23553630000.0,86265110000.0,10161336875.0,8856178125.0,3268735937.5,-7508906250.0,-804685000.0,2176582031.25,628012968.75,180122040000.0,-7568706250.0,-8818567500.0,-8669931250.0,34140490000.0,5.414999961853027,9.0,1573209218.75,1,3697041664.0625,3697041664.0625,1.0,True,True,True
0,000929,185,9.94,9.99,10.01,10.02,9.9,11:07:24.642,11074107,-994,8857,79,8798149.0,5814,3043,0,360,9.95,9.97,245,87,9.94,9.98,297,85,9.93,9.99,224,239,9.92,10.0,444,930,9.91,10.01,452,11,"(13,)",0,0,0,0,-0.19,185,185754199.21875,4,37,20260206,19990623,185765996.09375,12150000.0,-386837890.625,1779108750.0,0.0,0.0,599.9999865889549,11185596250.0,4897960000.0,1433663906.25,481355000.0,10939.0,3318055000.0,3141725000.0,1844118906.25,4673251250.0,2194464062.5,1749570000.0,775328984.375,-178735996.09375,31282998.046875,-1338027968.75,164468984.375,1896496093.75,-221856015.625,-221826992.1875,109282998.046875,1030261015.625,2.5160000324249268,9.0,185754199.21875,1,1846396740.234375,1846396740.234375,1.0,True,True,True
0,000931,909,5.34,5.3,5.31,5.36,5.26,11:08:07.602,11081267,-534,107557,162,57382972.0,58656,48902,0,20619,5.34,5.35,1407,1377,5.33,5.36,1812,2721,5.32,5.37,1725,1251,5.31,5.38,1314,1733,5.3,5.39,919,2229,"(3981,)",0,0,0,0,0.0,909,751029531.25,7,34,20251030,19990712,753127031.25,12270000.0,516290390.625,19298437500.0,0.0,0.0,700.0000029802322,38161262500.0,17410130000.0,8555215000.0,1172412031.25,68039.0,13703623750.0,2286338125.0,15760287500.0,16378623750.0,18824625000.0,7597725000.0,10745945000.0,848296015.625,-16825999.755859375,232561015.625,429285000.0,2020700000.0,838955000.0,612535000.0,494912968.75,-7468765000.0,2.174999952316284,9.0,751029531.25,1,4010497696.875,4010497696.875,0.95,True,True,True
0,000952,1161,8.13,8.04,8.04,8.21,8.0,11:08:05.928,11080988,-813,67205,9,54612648.0,31366,35839,0,2838,8.13,8.14,465,136,8.12,8.15,392,78,8.11,8.16,471,197,8.1,8.17,1096,69,8.09,8.18,330,166,"(13,)",0,0,0,0,-0.24,1161,343993984.375,19,34,20260203,19991112,346750390.625,12270000.0,-1585755937.5,4621936250.0,0.0,0.0,-2800.000011920929,25803247500.0,8218617500.0,14395306250.0,2052715000.0,31564.0,12252257500.0,-22303000.48828125,3654192187.5,9654307500.0,4292637187.5,3030734062.5,1450900000.0,-1050121015.625,187998007.8125,476428984.375,-549981992.1875,3173477812.5,-1069857031.25,-1070283984.375,-972986015.625,1100932968.75,2.7839999198913574,9.0,343993984.375,1,2796671092.9687505,2796671092.9687505,0.7,True,True,True
0,000953,738,7.32,7.31,7.31,7.34,7.26,11:08:08.214,11081369,-732,33676,35,24624436.0,15036,18640,0,1901,7.31,7.32,883,44,7.3,7.33,1059,1047,7.29,7.34,1275,1295,7.28,7.35,897,1378,7.27,7.36,468,869,"(12,)",0,0,0,0,0.0,738,366122187.5,10,34,20251028,19991202,366122187.5,12270000.0,792887187.5,1666951250.0,0.0,0.0,199.99999552965164,2721195000.0,1116482031.25,1339192031.25,207088984.375,35836.0,908855937.5,176228007.8125,5053053125.0,1541363906.25,1294521015.625,1060985000.0,154749003.90625,85203994.140625,0.0,427245000.0,-426237031.25,344006015.625,84927001.953125,86521992.1875,79331000.9765625,-7313261250.0,0.4210000038146972,9.0,366122187.5,1,2680014412.5,2680014412.5,0.95,True,True,True
0,000955,1036,5.83,5.88,5.87,5.89,5.79,11:08:07.308,11081218,-583,75769,5,44213084.0,44043,31726,0,4766,5.83,5.84,638,451,5.82,5.85,1511,1233,5.81,5.86,1871,1135,5.8,5.87,3222,2270,5.79,5.88,1101,1516,"(13,)",0,0,0,0,-0.16,1036,537993007.8125,30,15,20260203,19991209,538395000.0,12170000.0,-138664697.265625,3933412187.5,0.0,0.0,0.0,8579575000.0,4523026875.0,2480725937.5,758115000.0,47466.0,987132031.25,567220000.0,4896810000.0,6483218125.0,3332598750.0,3009252812.5,727395000.0,-9419000.244140623,22616999.51171875,-238725000.0,-1395194062.5,819767968.75,-12283999.0234375,-13282000.732421877,2302000.1220703125,-3797542187.5,1.2039999961853027,9.0,537993007.8125,1,3136499235.546875,3136499235.546875,0.95,True,True,True
0,000965,1038,4.11,4.16,4.16,4.16,4.08,11:08:10.140,11081690,-411,139360,50,57184376.0,81116,58245,0,3507,4.11,4.12,500,1741,4.1,4.13,5189,2346,4.09,4.14,12871,1636,4.08,4.15,12501,2238,4.07,4.16,3967,2086,"(4493,)",0,0,0,0,0.0,1038,1109830937.5,9,11,20251025,20000406,1109830937.5,20700000.0,8900900.268554688,15677013750.0,0.0,0.0,599.9999865889549,154942000000.0,130833400000.0,3641360000.0,21923000.48828125,54637.0,54009020000.0,11759113750.0,23128160000.0,54939270000.0,23200435000.0,21292815000.0,1184761015.625,1080363984.375,295296992.1875,-9463388125.0,2766598125.0,105394100000.0,1083219062.5,1114171953.125,646110000.0,17783656250.0,4.949999809265137,9.0,1109830937.5,1,4561405153.125,4561405153.125,0.85,True,True,True
0,000978,948,7.35,7.34,7.35,7.37,7.2,11:08:08.196,11081366,-735,51224,3,37187136.0,30008,21216,0,2264,7.34,7.35,814,43,7.33,7.36,52,361,7.32,7.37,234,205,7.31,7.38,4,424,7.3,7.39,58,1086,"(12,)",0,0,0,0,0.0,948,468118789.0625,10,10,20260204,20000518,468130000.0,23780000.0,68030698.2421875,3421115000.0,0.0,0.0,799.9999821186066,22774475000.0,3170325000.0,9766786250.0,3141549062.5,29461.0,5511138125.0,-1791999.969482422,13288500000.0,11077627500.0,3387684062.5,2267427968.75,687981953.125,368987968.75,221211015.625,1076416015.625,1442442031.25,42857998.046875,426225000.0,334403007.8125,357676992.1875,-7813477500.0,2.365999937057495,9.0,468118789.0625,1,3440673099.609375,3440673099.609375,1.0,True,True,True
0,000985,608,21.26,21.38,21.46,21.47,21.12,11:07:21.450,11073575,-2126,7671,1,16324249.0,4228,3443,1,1116,21.25,21.26,340,71,21.24,21.27,21,369,21.22,21.29,34,5,21.21,21.33,7,2,21.2,21.34,11,8,"(12,)",0,0,0,0,-0.04,608,129639501.953125,1,19,20251030,20000726,129639501.953125,12260000.0,311297304.6875,15052927500.0,0.0,0.0,1000.0000149011612,7293781250.0,4414131875.0,2368573125.0,122406005.859375,12622.0,1043640000.0,0.0,2909072187.5,6149943125.0,14318850000.0,13457551250.0,0.0,175345000.0,0.0,1183071015.625,768870000.0,359526015.625,176336992.1875,132253007.8125,132253007.8125,1250174062.5,4.74399995803833,9.0,129639501.953125,1,2756135811.5234375,2756135811.5234375,0.95,True,True,True
0,001201,463,14.97,15.13,15.13,15.16,14.97,11:08:01.824,11080304,-1497,10613,7,15938421.0,7528,3086,0,106,14.97,14.98,24,69,14.96,14.99,196,30,14.95,15.0,112,132,14.94,15.01,32,43,14.93,15.02,105,102,"(4941,)",0,0,0,0,-0.19,463,203134609.375,12,17,20251031,20210428,257784003.90625,10030000.0,-769769609.375,10658586250.0,0.0,0.0,399.9999910593033,62069500000.0,15217467500.0,39648027500.0,292557011.71875,17738.0,16126097500.0,34490000.0,27323735000.0,33970587500.0,15997973750.0,13086522500.0,59460000.0,149610996.09375,-22181000.9765625,1357055000.0,-111141005.859375,8924263125.0,131989003.90625,112746992.1875,114675000.0,3657101875.0,13.178000450134276,9.0,203134609.375,1,3040925102.34375,3040925102.34375,1.0,True,True,True
0,001205,706,16.28,16.27,16.27,16.35,16.22,11:08:02.838,11080473,-1628,13018,2,21196124.0,5328,7690,0,862,16.28,16.29,28,82,16.27,16.3,279,20,16.26,16.31,335,242,16.25,16.32,295,618,16.24,16.33,342,233,"(13,)",0,0,0,0,-0.05,706,159502304.6875,26,8,20260105,20210513,188003496.09375,16550000.0,1347378750.0,11307730000.0,0.0,0.0,3899.999856948853,45663580000.0,4999668125.0,35990905000.0,0.0,13486.0,11388382500.0,1618715937.5,10079421250.0,21196877500.0,10794996250.0,8268193750.0,1232661015.625,898346953.125,-101000.00381469728,3440285937.5,-1358525000.0,682492031.25,925208984.375,774125937.5,732625000.0,8351121875.0,11.072999954223633,9.0,159502304.6875,1,2596697520.3125,2596697520.3125,1.0,True,True,True
0,001211,770,29.6,29.65,29.82,29.83,29.52,11:07:54.846,11079141,-2960,7727,10,22924920.0,4127,3600,-3,8350,29.59,29.61,4,8,29.58,29.62,11,15,29.57,29.63,31,1,29.56,29.65,43,12,29.55,29.66,30,12,"(13,)",0,0,0,0,0.07,770,66996601.5625,28,4,20251216,20210805,72000000.0,12200000.0,141532597.65625,9277658750.0,0.0,0.0,1099.9999940395355,18562936250.0,7944556875.0,7429750000.0,1437019062.5,8642.0,8079253125.0,98282998.046875,4871682812.5,8642990625.0,10832132500.0,7268290000.0,2425667968.75,48005000.0,966999.969482422,260962011.71875,-988500000.0,3371823750.0,36031000.9765625,82667001.953125,84384003.90625,2999466875.0,12.003999710083008,9.0,66996601.5625,1,1983099406.25,1983099406.25,0.95,True,True,True
0,001216,1085,18.66,18.81,18.81,19.13,18.56,11:07:59.610,11079935,-1866,42673,4,80183760.0,23138,19535,0,5173,18.66,18.67,2,24,18.65,18.68,73,2,18.64,18.69,24,17,18.63,18.7,94,745,18.62,18.71,117,46,"(12,)",0,0,0,0,-0.2,1085,246023906.25,21,4,20251027,20211019,251866699.21875,12300000.0,1685051718.75,9824150625.0,0.0,0.0,7500.0,21909947500.0,11746085000.0,5517945000.0,1043637031.25,16295.0,2731633125.0,92805000.0,5565220000.0,18083686250.0,11329422500.0,7523440000.0,1340437031.25,2155400937.5,97610000.0,2897410937.5,3347746250.0,1605111093.75,2134842968.75,1871238125.0,1890173125.0,9069475000.0,7.179999828338623,9.0,246023906.25,1,4590806090.625,4590806090.625,0.9,True,True,True
0,001219,739,15.03,15.03,15.03,15.08,14.9,11:08:01.788,11080298,-1503,12525,66,18755026.0,6846,5680,2,3051,15.02,15.03,3,71,15.01,15.04,14,33,15.0,15.05,51,257,14.99,15.06,92,141,14.98,15.07,39,87,"(5452,)",0,0,0,0,0.13,739,190122109.375,15,14,20251218,20211021,194983808.59375,12140000.0,866002812.5,3952648437.5,0.0,0.0,4799.999892711639,12862685000.0,9172463125.0,298750996.09375,138287998.046875,15060.0,2215989062.5,15780000.0,2629677812.5,10618410000.0,4234198125.0,2555420000.0,195153007.8125,1247632031.25,94852001.953125,1271298046.875,132181005.859375,229278007.8125,1237141015.625,928770000.0,927690000.0,5402407500.0,5.446000099182129,9.0,190122109.375,1,2857535303.90625,2857535303.90625,1.0,True,True,True
0,001222,651,22.84,22.46,22.45,22.85,22.41,11:07:57.102,11079517,-2284,7803,4,17704188.0,3055,4748,0,359,22.83,22.84,123,14,22.82,22.85,21,32,22.81,22.86,12,19,22.8,22.87,9,32,22.78,22.88,24,122,"(1292,)",0,0,0,0,0.26,651,107409902.34375,28,50,20251030,20220818,190890000.0,12410000.0,1197396171.875,9307911250.0,0.0,0.0,6899.999976158142,18355050000.0,12269980000.0,4021885000.0,329321015.625,13616.0,2198059062.5,1837421093.75,4998876250.0,14245690000.0,12812965000.0,9867857500.0,3321832812.5,1693015000.0,8905000.0,165456015.625,-496581992.1875,3096636875.0,1685435000.0,1578659062.5,1302151953.125,6928080000.0,7.4629998207092285,9.0,107409902.34375,1,2453242169.53125,2453242169.53125,1.0,True,True,True
0,001229,727,38.83,38.21,38.36,38.88,38.21,11:07:49.308,11078218,-3883,5640,4,21753692.0,2506,3134,0,767,38.82,38.85,1,3,38.81,38.86,1,13,38.8,38.87,61,14,38.76,38.88,5,39,38.75,38.89,6,24,"(13,)",0,0,0,0,0.21,727,52679399.4140625,12,24,20251210,20220808,102451503.90625,12390000.0,521330898.4375,1173959296.875,0.0,0.0,4000.000059604645,10432030000.0,5996390000.0,1243937968.75,1390805000.0,12887.0,678675937.5,2162999.8779296875,5759066250.0,9729543125.0,1322040000.0,474270000.0,631331015.625,480124023.4375,24800000.0,870094062.5,464371015.625,282146992.1875,476593007.8125,401884023.4375,401953984.375,2595142031.25,9.729000091552734,9.0,52679399.4140625,1,2045541079.2480469,2045541079.2480469,0.95,True,True,True
0,001230,1373,26.11,26.61,26.78,26.78,26.08,11:07:51.540,11078590,-2611,28876,3,76113088.0,17629,11247,0,20567,26.1,26.11,44,19,26.09,26.12,11,7,26.08,26.13,18,47,26.07,26.14,11,5,26.06,26.15,22,12,"(12,)",0,0,0,0,-0.07,1373,78557299.8046875,24,39,20260120,20220715,134226103.515625,23780000.0,1141967812.5,11472108750.0,0.0,0.0,9399.999976158142,32887570000.0,21295415000.0,3220869062.5,5700095000.0,13338.0,6634843125.0,1020432968.75,11436615000.0,19314062500.0,11762560000.0,8548756250.0,12213511250.0,1636337968.75,124412998.046875,476800976.5625,1908670000.0,821340000.0,1597432968.75,1426245937.5,1248803046.875,6367376250.0,14.388999938964844,9.0,78557299.8046875,1,2051131097.9003906,2051131097.9003906,0.85,True,True,True
0,001234,485,28.1,27.97,28.21,28.26,27.78,11:07:55.746,11079291,-2810,5110,6,14331417.0,2779,2331,0,3413,28.09,28.1,5,34,28.08,28.11,20,22,28.07,28.12,40,10,28.05,28.13,54,31,28.04,28.14,23,70,"(13,)",0,0,0,0,-0.06,485,91520498.046875,26,41,20251027,20220111,109413701.171875,12180000.0,650215781.25,6651598750.0,0.0,0.0,3199.9999284744263,11591827500.0,7478561875.0,3066355000.0,258588984.375,18999.0,2418536875.0,0.0,5735357500.0,9130971875.0,6237980000.0,5179585937.5,2238290000.0,377510000.0,35661999.51171875,252003007.8125,-731165000.0,1445854062.5,374088984.375,345435000.0,345435000.0,2115535000.0,8.345000267028809,9.0,91520498.046875,1,2571725995.1171875,2571725995.1171875,0.9,True,True,True
0,001239,765,16.96,16.98,16.94,17.04,16.93,11:08:02.430,11080405,-1696,15428,11,26183884.0,7391,8037,0,1271,16.96,16.97,1,80,16.95,16.98,559,66,16.94,16.99,290,422,16.93,17.0,224,350,16.92,17.01,48,383,"(1549,)",0,0,0,0,0.06,765,114000000.0,21,26,20260106,20231212,240000000.0,12330000.0,451594687.5,4276168437.5,0.0,0.0,3000.0001192092896,41345352500.0,31630185000.0,6489200000.0,1387754062.5,17977.0,12345295000.0,6756435000.0,7794892500.0,13781467500.0,15259387500.0,13019432500.0,8544400625.0,1479885000.0,46947001.953125,44796000.9765625,103350000.0,9106222500.0,1480117968.75,1299587031.25,719518984.375,3295787812.5,5.742000102996826,9.0,114000000.0,1,1933440000.0,1933440000.0,0.95,True,True,True
0,001256,632,22.47,22.39,22.53,22.55,22.26,11:07:59.124,11079854,-2247,5215,3,11702124.0,2430,2785,0,406,22.46,22.48,32,13,22.45,22.49,9,27,22.44,22.5,18,102,22.43,22.51,2,33,22.4,22.53,19,61,"(13,)",0,0,0,0,0.04,632,106912597.65625,28,26,20251230,20221205,142612597.65625,12350000.0,801469062.5,3821193125.0,0.0,0.0,5699.999928474426,15851830000.0,8290665625.0,2580215000.0,446477968.75,9526.0,3644715937.5,0.0,6984185000.0,12086705000.0,4095555937.5,2719830000.0,132250000.0,933717968.75,150687001.953125,650085000.0,-283720000.0,2062626875.0,933448046.875,811181953.125,811181953.125,3332685000.0,8.475000381469727,9.0,106912597.65625,1,2402326069.3359375,2402326069.3359375,1.0,True,True,True
0,001259,691,33.97,34.15,34.36,34.44,33.88,11:07:52.224,11078704,-3397,7556,2,25742750.0,4540,3016,0,2783,33.94,33.97,7,1,33.93,33.98,1,2,33.92,33.99,2,2,33.91,34.0,3,5,33.89,34.05,10,20,"(12,)",0,0,0,0,0.21,691,47544501.953125,7,23,20251211,20220831,73588901.3671875,12380000.0,100983701.171875,2623686250.0,0.0,0.0,599.9999865889549,8388121875.0,4002323750.0,232149003.90625,563276992.1875,6584.0,1009308984.375,45142998.046875,3985730000.0,7142430000.0,2869056875.0,2082714062.5,559448007.8125,-7397000.122070312,0.0,140153007.8125,-1526920937.5,800687031.25,-8194000.244140625,33755000.0,41639003.90625,2414732968.75,9.706000328063965,9.0,47544501.953125,1,1615086731.3476562,1615086731.3476562,0.85,True,True,True
0,001279,345,34.93,34.94,35.05,35.05,34.82,11:07:13.248,11072208,-3493,1887,1,6595099.0,1053,834,0,736,34.93,34.95,1,7,34.9,34.96,21,17,34.89,34.97,20,17,34.88,34.98,91,10,34.86,34.99,11,2,"(13,)",0,0,0,0,-0.08,345,40000000.0,24,46,20251117,20241011,160000000.0,12230000.0,695181562.5,11172548750.0,0.0,0.0,2800.000011920929,16595897500.0,13280020000.0,1073801953.125,123543994.140625,17938.0,6392563125.0,-1630000.0,4915135937.5,10079125000.0,10711821250.0,9648822500.0,2487977968.75,488273007.8125,57100000.0,3593193125.0,2202525000.0,1559287031.25,486410976.5625,453977968.75,455608984.375,3233600000.0,6.298999786376953,9.0,40000000.0,1,1397200000.0,1397200000.0,1.0,True,True,True
0,001299,726,13.29,13.33,13.34,13.4,13.15,11:08:04.632,11080772,-1329,19538,10,25914816.0,10258,9281,0,4069,13.29,13.3,36,16,13.28,13.31,116,24,13.27,13.32,81,3,13.26,13.33,181,436,13.25,13.34,108,64,"(4493,)",0,0,0,0,-0.07,726,218400898.4375,8,42,20260204,20221031,242638593.75,13450000.0,545945000.0,4389460000.0,0.0,0.0,2700.0001072883606,15886770000.0,8480475000.0,4532040937.5,345698007.8125,17016.0,3960998125.0,0.0,4531080000.0,11816022500.0,5148103125.0,4134128125.0,219299003.90625,794537031.25,83275000.0,110331992.1875,-1711271093.75,144650996.09375,796512031.25,659825937.5,662687031.25,4737032812.5,4.869999885559082,9.0,218400898.4375,1,2902547940.234375,2902547940.234375,0.8,True,True,True
0,001300,865,17.62,17.2,17.2,17.72,17.12,11:07:56.634,11079439,-1762,24633,4,43151484.0,9331,15302,0,3784,17.62,17.64,13,8,17.61,17.65,21,481,17.59,17.66,133,311,17.56,17.67,36,5,17.55,17.68,4,71,"(12,)",0,0,0,0,0.06,865,243775898.4375,15,50,20251028,20221019,243775898.4375,12240000.0,206806191.40625,3998444062.5,0.0,0.0,-199.99999552965164,12715986250.0,10105921875.0,1204460000.0,413816015.625,14065.0,1975836875.0,51178999.0234375,6151268125.0,10360850000.0,3509369062.5,2860525000.0,857860000.0,-104112001.953125,83971992.1875,-134275996.09375,238155000.0,1255792031.25,-110012998.046875,-55608002.9296875,-46001000.9765625,1604180937.5,4.25,9.0,243775898.4375,1,4295331330.46875,4295331330.46875,1.0,True,True,True
0,001324,531,19.64,19.6,19.71,19.76,19.53,11:08:00.822,11080137,-1964,6575,19,12906779.0,4100,2475,0,5952,19.62,19.64,6,68,19.61,19.65,26,215,19.6,19.66,32,36,19.59,19.67,22,6,19.58,19.68,28,80,"(12,)",0,0,0,0,0.1,531,81653598.6328125,26,8,20260203,20230522,138000000.0,12370000.0,487124804.6875,3295152812.5,0.0,0.0,2700.0001072883606,13724873750.0,10454465000.0,1228967968.75,237400996.09375,14391.0,2287682031.25,83099003.90625,6762825000.0,11337186250.0,3355478125.0,2337663125.0,3727948125.0,416939023.4375,7735999.755859375,91662998.046875,-342336015.625,1687945000.0,408626992.1875,379278007.8125,366735000.0,2961165000.0,8.21500015258789,9.0,81653598.6328125,1,1603676677.1484375,1603676677.1484375,0.95,True,True,True
0,001328,639,42.14,42.61,42.56,42.88,41.75,11:07:45.522,11077587,-4214,6163,1,25932442.0,4199,1964,0,2085,42.13,42.14,1,1,42.12,42.17,2,5,42.11,42.19,8,1,42.1,42.21,3,20,42.09,42.27,8,10,"(12,)",0,0,0,0,-0.06,639,46031201.171875,25,19,20260205,20230410,172173808.59375,12260000.0,1179377265.625,10529210000.0,0.0,0.0,7900.000214576721,19855512500.0,14094235000.0,1725075000.0,201690996.09375,10577.0,4742505000.0,0.0,9969761250.0,14612235000.0,12282890000.0,6080300000.0,327649003.90625,1509865937.5,175585000.0,1768436875.0,-2687472187.5,1836335000.0,1539380000.0,1358804062.5,1358804062.5,2085965937.5,8.487000465393066,9.0,46031201.171875,1,1939754817.3828125,1939754817.3828125,0.75,True,True,True
0,001332,639,56.79,57.25,57.28,57.3,56.55,11:07:33.132,11075522,-5679,4803,1,27336532.0,2867,1936,6,1489,56.73,56.79,20,2,56.7,56.8,10,1,56.69,56.81,2,1,56.68,56.82,2,3,56.67,56.83,3,25,"(12,)",0,0,0,0,0.02,639,48003500.9765625,26,26,20260203,20220920,110490000.0,12330000.0,2077995625.0,11719417500.0,0.0,0.0,18099.99942779541,35235130000.0,27960422500.0,4869971250.0,1053478984.375,10007.0,9428709375.0,0.0,13514081250.0,25558005000.0,9635524375.0,6146503750.0,4745625000.0,2394890000.0,90371005.859375,876180000.0,1047896953.125,6373280000.0,2389967968.75,1996335000.0,1996335000.0,10258288125.0,23.131999969482425,9.0,48003500.9765625,1,2726118820.4589844,2726118820.4589844,0.95,True,True,True
0,001356,545,12.69,12.68,12.71,12.71,12.63,11:08:04.992,11080832,-1269,10095,130,12796792.0,4953,5142,0,1411,12.68,12.69,101,272,12.67,12.7,109,408,12.66,12.71,237,325,12.65,12.72,229,276,12.64,12.73,204,309,"(2572,)",0,0,0,0,0.0,545,200646796.875,28,47,20260122,20250123,589320000.0,12290000.0,1640456562.5,17064597500.0,0.0,0.0,1400.0000059604645,24999640000.0,11937850000.0,7170063125.0,1847392031.25,35680.0,3564812812.5,-31100000.0,6374466250.0,20412442500.0,15093320000.0,12301300000.0,2517477968.75,909313984.375,17933000.48828125,40721999.51171875,1245037031.25,4967585937.5,908566015.625,769533984.375,776907968.75,7499988125.0,3.46399998664856,9.0,200646796.875,1,2546207852.34375,2546207852.34375,0.95,True,True,True
0,001367,444,24.34,24.42,24.53,24.58,24.26,11:07:58.002,11079667,-2434,4349,6,10604115.0,2031,2318,0,2502,24.33,24.34,44,21,24.32,24.35,9,7,24.31,24.36,101,8,24.3,24.37,165,10,24.29,24.38,40,24,"(2060,)",0,0,0,0,-0.07,444,39697700.1953125,28,34,20260203,20230410,152351201.171875,12270000.0,869501406.25,3200445937.5,0.0,0.0,5899.999737739563,15685162500.0,12249922500.0,1838772031.25,1175885000.0,10000.0,1188442968.75,0.0,7311306875.0,14321690000.0,3588671250.0,1952832031.25,607245000.0,1021926953.125,26610000.0,1072042031.25,-5328358750.0,1256930000.0,1023665000.0,882096015.625,882096015.625,5219732812.5,9.427000045776367,9.0,39697700.1953125,1,966242022.7539062,966242022.7539062,0.85,True,True,True
0,001378,562,25.16,25.17,25.23,25.39,25.07,11:07:53.910,11078985,-2516,8393,2,21193068.0,3264,5129,0,1211,25.14,25.16,20,10,25.13,25.17,13,8,25.12,25.18,11,9,25.11,25.19,20,21,25.1,25.21,27,12,"(12,)",0,0,0,0,0.08,562,65759199.21875,12,47,20260202,20231030,133333603.515625,12290000.0,723584531.25,11329081250.0,0.0,0.0,4499.99988079071,23389880000.0,8922306875.0,6531213125.0,2132550937.5,13080.0,3747318125.0,0.0,9237653125.0,18834840000.0,11052685000.0,9578631250.0,540405000.0,657112968.75,118524003.90625,1513557031.25,-2866645000.0,1316487031.25,655757968.75,594958984.375,594958984.375,7908731250.0,14.12600040435791,9.0,65759199.21875,1,1654501452.34375,1654501452.34375,0.95,True,True,True
0,001380,646,23.47,23.4,23.36,23.64,23.35,11:07:51.324,11078554,-2347,8991,92,21165782.0,3863,5128,0,1518,23.45,23.47,119,11,23.44,23.48,30,14,23.43,23.49,56,25,23.42,23.5,4,350,23.41,23.51,11,7088,"(3084,)",0,0,0,0,-0.12,646,88003896.484375,28,7,20260203,20230516,270854199.21875,12340000.0,1534913437.5,12341437500.0,0.0,0.0,7599.999904632568,28074360000.0,20575237500.0,4775823750.0,1504587968.75,19332.0,8752443125.0,447291015.625,7593488125.0,18544472500.0,14118281250.0,10141511250.0,7195781250.0,2316620000.0,32320998.53515625,1788284062.5,1061225937.5,2946241875.0,2347625000.0,2093295000.0,2045561875.0,7367343125.0,6.8470001220703125,9.0,88003896.484375,1,2065451450.4882812,2065451450.4882812,0.8,True,True,True
0,001387,767,15.13,15.11,15.15,15.19,15.01,11:08:01.728,11080288,-1513,13576,4,20536976.0,5921,7655,0,682,15.11,15.12,38,10,15.1,15.13,50,20,15.09,15.14,65,97,15.07,15.15,66,173,15.06,15.16,81,213,"(2380,)",0,0,0,0,0.07,767,113910302.734375,24,23,20251119,20240111,183030390.625,12380000.0,545692500.0,14047751250.0,0.0,0.0,2599.9999046325684,24275840000.0,18188437500.0,5191893125.0,420693984.375,14210.0,10891322500.0,428197031.25,7709100000.0,12507102500.0,14120536250.0,12446820000.0,4716334062.5,479941992.1875,20297999.267578125,1726617031.25,-1121336015.625,2054492968.75,482030000.0,471908984.375,463962031.25,2948624062.5,6.833000183105469,9.0,113910302.734375,1,1723462880.3710938,1723462880.3710938,0.9,True,True,True
0,001388,710,44.99,44.89,44.89,45.38,44.63,11:07:42.012,11077002,-4499,5248,1,23634856.0,2350,2898,0,3142,44.97,44.99,3,42,44.96,45.02,49,6,44.95,45.03,10,43,44.94,45.04,6,19,44.93,45.05,3,25,"(2316,)",0,0,0,0,0.0,710,31200000.0,15,16,20251231,20250701,156000000.0,12390000.0,0.0,0.0,0.0,0.0,5400.000214576721,20003281250.0,17756281250.0,1436227968.75,188700000.0,24901.0,6027211250.0,0.0,5386005625.0,13939167500.0,6678847500.0,4433140000.0,5348761250.0,760646015.625,46895000.0,-172829003.90625,355821015.625,2081798125.0,759060000.0,705600000.0,705600000.0,6362386250.0,8.9350004196167,9.0,31200000.0,1,1403688000.0,1403688000.0,0.7,True,True,True
0,001395,402,43.95,44.11,44.33,44.44,43.9,11:07:33.636,11075606,-4395,3656,3,16083320.0,1947,1709,0,310,43.95,43.96,3,1,43.94,43.97,26,64,43.93,43.99,28,2,43.92,44.01,24,11,43.91,44.06,54,27,"(1357,)",0,0,0,0,0.02,402,46890000.0,3,26,20260202,20250127,87240000.0,12350000.0,1257572968.75,6175411250.0,0.0,0.0,16399.999856948853,21395622500.0,13120617500.0,2450235937.5,856660000.0,9736.0,9622943125.0,0.0,4220055000.0,11499713750.0,5392798125.0,3274943125.0,375753984.375,1555505000.0,124541005.859375,-270948007.8125,-1146528984.375,6399307500.0,1606411093.75,1393490937.5,1393490937.5,5786136250.0,13.720000267028809,9.0,46890000.0,1,2060815500.0000002,2060815500.0000002,0.95,True,True,True
0,002035,731,6.29,6.3,6.3,6.34,6.26,11:08:08.832,11081472,-629,39467,22,24874200.0,19008,20459,0,2048,6.29,6.3,179,1722,6.28,6.31,1390,4536,6.27,6.32,1613,3198,6.26,6.33,2072,1167,6.25,6.34,971,1989,"(13,)",0,0,0,0,0.0,731,780017968.75,12,23,20260203,20040901,847653593.75,12380000.0,4037911250.0,45755815000.0,0.0,0.0,4300.000071525574,69929010000.0,47161940000.0,14115885000.0,3069165000.0,36734.0,29685375000.0,437387031.25,225320996.09375,38859060000.0,41576452500.0,23576952500.0,7159831250.0,4049076250.0,209817988.28125,2995363125.0,-5316453125.0,7180834375.0,4068680000.0,3549930000.0,3557596250.0,27923850000.0,4.584000110626221,9.0,780017968.75,1,4906313023.4375,4906313023.4375,1.0,True,True,True
0,002040,873,10.21,10.28,10.33,10.34,10.18,11:08:06.480,11081080,-1021,34388,687,35186376.0,21369,13019,0,3729,10.22,10.23,29,48,10.21,10.24,175,215,10.2,10.25,917,527,10.19,10.26,603,564,10.18,10.27,1166,519,"(13,)",0,0,0,0,-0.38,873,486075390.625,26,8,20260129,20050325,487946992.1875,16550000.0,1242685312.5,7271116250.0,0.0,0.0,2899.9999165534973,53823470000.0,9307088125.0,27198545000.0,11010727500.0,42017.0,7173490000.0,6556325000.0,15895862500.0,33781687500.0,7722836250.0,4116826875.0,1492423125.0,2310960937.5,94657998.046875,2315875000.0,2569461875.0,51839003.90625,2313522031.25,1748885000.0,1407355000.0,11590540000.0,6.922999858856201,9.0,486075390.625,1,4962829738.28125,4962829738.28125,0.75,True,True,True
0,002069,1141,4.11,4.13,4.15,4.15,4.03,11:08:10.140,11081690,-411,131654,10,53793560.0,78379,53275,0,3747,4.11,4.12,5948,1662,4.1,4.13,1001,2647,4.09,4.14,335,2174,4.08,4.15,461,3226,4.07,4.16,1391,1044,"(461,)",0,0,0,0,0.0,1141,710216171.875,5,17,20251030,20060928,711112187.5,10040000.0,-247521093.75,11664550000.0,0.0,0.0,-500.0000074505806,21943427500.0,15294717500.0,3865478125.0,655974062.5,30309.0,18580362500.0,353298007.8125,10231306875.0,181215000.0,10831532500.0,9226835000.0,1424813906.25,-100080000.0,16890000.0,637497031.25,-385863984.375,7091686250.0,-236721992.1875,-400655000.0,-323734003.90625,-19523067500.0,0.025000000372529,9.0,710216171.875,1,2918988466.40625,2918988466.40625,0.95,True,True,True
0,002084,998,4.26,4.27,4.28,4.29,4.22,11:08:10.050,11081675,-426,67947,8,28930936.0,39456,28491,0,1451,4.26,4.27,743,1794,4.25,4.28,1288,2825,4.24,4.29,1073,2541,4.23,4.3,2081,1848,4.22,4.31,1048,1442,"(2189,)",0,0,0,0,0.0,998,644634492.1875,12,4,20251030,20061124,646056093.75,12330000.0,-45287099.609375,21551810000.0,0.0,0.0,-1000.0000149011612,32782912500.0,20828006250.0,7950836250.0,1229125000.0,31018.0,14875435000.0,1043900000.0,3728715000.0,13924992500.0,20396330000.0,17725501250.0,6126669375.0,-640646015.625,11770999.755859377,1458423125.0,1249778046.875,6852281250.0,-648325976.5625,-697062968.75,-622643007.8125,3502530000.0,2.1549999713897705,9.0,644634492.1875,1,2746142936.71875,2746142936.71875,0.9,True,True,True
0,002086,1200,2.33,2.31,2.31,2.34,2.29,11:08:11.208,11081868,-233,286035,10,66355700.0,124183,161853,0,1197,2.33,2.34,167,48140,2.32,2.35,26497,26565,2.31,2.36,20374,23479,2.3,2.37,31929,7898,2.29,2.38,22791,5937,"(5133,)",0,0,0,0,0.0,1200,1581286093.75,15,17,20251031,20061128,1958946562.5,10040000.0,-696073906.25,2479113906.25,0.0,0.0,-500.0000074505806,16593181250.0,6250471875.0,8242555000.0,664080000.0,72503.0,1610395937.5,91228994.140625,19941255000.0,13260235000.0,2459684062.5,2451165000.0,796468046.875,-1040585000.0,810000.0,-1073542031.25,-582102968.75,2565857968.75,-1063025937.5,-1063144062.5,-1054030000.0,-26342560000.0,0.6769999861717224,9.0,1581286093.75,1,3684396598.4375,3684396598.4375,1.0,True,True,True
0,002090,1123,12.4,12.37,12.35,12.48,12.2,11:08:01.566,11080261,-1240,54893,16,67867784.0,24174,30719,0,2742,12.4,12.41,165,25,12.39,12.42,145,148,12.38,12.43,120,181,12.37,12.44,385,252,12.36,12.45,178,268,"(13,)",0,0,0,0,-0.15,1123,396017500.0,26,43,20260202,20061208,400577109.375,12380000.0,365585898.4375,10695008750.0,0.0,0.0,1199.99997317791,31708862500.0,26286465000.0,913598046.875,166724003.90625,42318.0,16342306250.0,-5712999.877929688,266940996.09375,15252630000.0,10123327500.0,7223759375.0,6510553125.0,492025000.0,58568999.0234375,1100671015.625,-837673046.875,6105455625.0,498531015.625,460481015.625,464610976.5625,9834138125.0,3.808000087738037,9.0,396017500.0,1,4910617000.0,4910617000.0,0.7,True,True,True
0,002105,1145,7.43,7.31,7.34,7.44,7.29,11:08:08.148,11081358,-743,49318,22,36433600.0,20821,28497,0,991,7.42,7.43,291,39,7.41,7.44,270,1683,7.4,7.45,179,1530,7.39,7.46,154,551,7.38,7.47,392,603,"(12,)",0,0,0,0,-0.12,1145,364471015.625,18,32,20251224,20070112,366241992.1875,12370000.0,8376500.244140625,8181268125.0,0.0,0.0,-799.9999821186066,16084072500.0,8949081875.0,4591630937.5,1256151953.125,34592.0,5418643125.0,690672031.25,175215996.09375,8420109375.0,8638913125.0,7591421250.0,2687680000.0,-295593984.375,-24593999.0234375,592148007.8125,-6435000.0,1742971093.75,-265158007.8125,-323799003.90625,-301387011.71875,3547465000.0,2.2880001068115234,9.0,364471015.625,1,2708019646.09375,2708019646.09375,0.85,True,True,True
0,002107,1064,7.34,7.28,7.26,7.4,7.21,11:08:08.202,11081367,-734,51165,7,37521560.0,22151,29014,0,1924,7.34,7.35,139,392,7.33,7.36,235,236,7.32,7.37,440,218,7.31,7.38,129,344,7.3,7.39,259,699,"(2061,)",0,0,0,0,-0.26,1064,571393984.375,15,34,20260120,20070124,577209609.375,12270000.0,364033789.0625,7637933750.0,0.0,0.0,1700.0000178813934,9773700000.0,5667708750.0,3253249062.5,343396992.1875,40066.0,2407310000.0,-29182998.046875,0.0,7238184375.0,8169524375.0,2011146093.75,671250937.5,1035980000.0,17630999.755859375,1285255937.5,511616015.625,934624062.5,1023795000.0,887910000.0,957151953.125,846608984.375,1.253999948501587,12.0,571393984.375,1,4194031845.3125,4194031845.3125,0.8,True,True,True
0,002133,1151,3.87,3.89,3.9,3.9,3.82,11:08:03.084,11080514,-387,80190,21,30950840.0,36635,43555,0,3994,3.87,3.88,1729,1621,3.86,3.89,2264,4172,3.85,3.9,349,2090,3.84,3.91,434,1156,3.83,3.92,767,2068,"(13,)",0,0,0,0,-0.25,1151,769870234.375,28,11,20251031,20070427,774144062.5,20700000.0,-1520600781.25,33508780000.0,0.0,0.0,1199.99997317791,75578745000.0,57312440000.0,6962290000.0,85544003.90625,29287.0,32599750000.0,1655450937.5,8446285000.0,29386810000.0,38964985000.0,35345770000.0,978505937.5,1555080000.0,368066992.1875,4486978750.0,-2458725000.0,37246635000.0,1544861093.75,810528984.375,946521953.125,10646460000.0,3.796000003814697,9.0,769870234.375,1,2979397807.03125,2979397807.03125,1.0,True,True,True
0,002148,1176,8.87,8.76,8.78,8.89,8.72,11:08:07.284,11081214,-887,57174,441,50490616.0,23400,33774,-1,2125,8.86,8.87,300,6,8.85,8.88,435,685,8.84,8.89,187,1571,8.83,8.9,254,2403,8.82,8.91,418,658,"(13,)",0,0,0,0,-0.1,1176,449317617.1875,7,24,20260202,20070810,558987304.6875,18650000.0,135613798.828125,2059081875.0,0.0,0.0,-0.0,14127505000.0,6795440000.0,1659753906.25,53046000.9765625,81400.0,1534445937.5,94328994.140625,2073024062.5,12217502500.0,2891155000.0,1852656093.75,565399023.4375,-24178999.0234375,352000.00762939453,-177659003.90625,142968007.8125,36642001.953125,-24241000.9765625,-18635999.75585937,-2753000.1831054688,4091890000.0,2.186000108718872,9.0,449317617.1875,1,3985447264.4531245,3985447264.4531245,0.95,True,True,True
0,002154,790,4.07,4.1,4.09,4.1,4.07,11:08:10.164,11081694,-407,91575,22,37398752.0,55652,35923,0,2352,4.07,4.08,10801,3937,4.06,4.09,8692,7531,4.05,4.1,3825,10849,4.04,4.11,3675,5808,4.03,4.12,1623,9637,"(13,)",0,0,0,0,0.0,790,1179772578.125,28,41,20251028,20070816,1459333750.0,12180000.0,4152670312.5,35357855000.0,0.0,0.0,1599.9999642372131,69213710000.0,41766112500.0,8176280000.0,5177135937.5,75366.0,21599640000.0,1234019062.5,7707882500.0,45332330000.0,34795345000.0,11980077500.0,6496550000.0,3326992187.5,138499003.90625,959136015.625,-231845000.0,14097148750.0,3213111875.0,2442110000.0,2359655000.0,19244175000.0,3.1059999465942383,9.0,1179772578.125,1,4801674392.96875,4801674392.96875,0.95,True,True,True
0,002172,1042,4.48,4.44,4.45,4.51,4.43,11:08:09.918,11081653,-448,137861,2,61816432.0,48668,89193,-1,4236,4.48,4.49,4419,2346,4.47,4.5,2881,8393,4.46,4.51,2186,4450,4.45,4.52,1979,4005,4.44,4.53,1420,3746,"(13,)",0,0,0,0,-0.21,1042,765272031.25,26,9,20260123,20070921,765732265.625,26840000.0,386780703.125,15013922500.0,0.0,0.0,500.0000074505806,19288417500.0,10555126250.0,7666763125.0,611656992.1875,50324.0,16345476250.0,-196554003.90625,12641063750.0,1746360937.5,13603981250.0,11662452500.0,3202425000.0,561996015.625,19927000.732421875,-286554003.90625,-429585976.5625,1335976875.0,605868007.8125,407151992.1875,401136015.625,-18924087500.0,0.2280000001192093,9.0,765272031.25,1,3428418700.0000005,3428418700.0000005,0.8,True,True,True
0,002178,1086,6.61,6.57,6.57,6.62,6.54,11:08:08.640,11081440,-661,82930,29,54692464.0,36128,46802,0,3456,6.61,6.62,85,6007,6.6,6.63,1388,2383,6.59,6.64,742,2518,6.58,6.65,2070,3145,6.57,6.66,1457,2608,"(13,)",0,0,0,0,0.0,1086,711783125.0,16,21,20251030,20071101,712152968.75,18650000.0,-87629804.6875,4040772500.0,0.0,0.0,99.99999776482582,13703490000.0,8709560000.0,810250937.5,557243984.375,104328.0,7460821875.0,1120950937.5,2326732031.25,4360728750.0,3040184062.5,2340035000.0,2799805000.0,82769003.90625,217409003.90625,-336488984.375,-219850996.09375,435902968.75,83124003.90625,67021000.9765625,71945000.0,-5383578125.0,0.6119999885559082,9.0,711783125.0,1,4704886456.25,4704886456.25,0.95,True,True,True
0,002186,936,12.32,12.35,12.35,12.39,12.17,11:08:05.214,11080869,-1232,39705,39,48633368.0,24260,15445,-1,6311,12.31,12.32,86,61,12.3,12.33,195,34,12.29,12.34,160,128,12.28,12.35,57,319,12.27,12.36,16,63,"(13,)",0,0,0,0,0.0,936,306511308.59375,7,10,20251022,20071120,306921601.5625,17620000.0,704516093.75,10843742500.0,0.0,0.0,900.0000357627869,15380640000.0,3581335000.0,2671909062.5,816750000.0,37011.0,4645045000.0,344887968.75,5344105000.0,8649863125.0,9583465625.0,7878427500.0,696725000.0,276855000.0,128855000.0,968637968.75,-13816000.9765625,891237031.25,279753007.8125,273282011.71875,261738984.375,-1322397031.25,2.818000078201294,9.0,306511308.59375,1,3776219321.875,3776219321.875,0.85,True,True,True
0,002198,944,7.17,7.05,7.09,7.2,7.01,11:08:08.304,11081384,-717,95839,20,68300080.0,31175,64665,0,5027,7.17,7.18,407,431,7.16,7.19,706,1002,7.15,7.2,336,6587,7.14,7.21,191,1092,7.13,7.22,830,795,"(4877,)",0,0,0,0,-0.27,944,507480703.125,12,34,20260126,20071218,507509804.6875,12270000.0,28733500.9765625,2596046250.0,0.0,0.0,399.9999910593033,7747263125.0,4661081875.0,1700792968.75,466964023.4375,25561.0,307640996.09375,0.0,1236528984.375,7090082500.0,2934361875.0,1279007031.25,1356967031.25,256404003.90625,-1170999.984741211,-712271015.625,-2058013125.0,853905937.5,257410000.0,217941992.1875,217941992.1875,1210848046.875,1.3969999551773071,9.0,507480703.125,1,3638636641.40625,3638636641.40625,0.8,True,True,True
0,002205,727,14.75,14.81,14.79,14.79,14.6,11:08:00.156,11080026,-1475,13265,1,19509262.0,8355,4910,1,917,14.75,14.76,1,38,14.74,14.77,47,99,14.73,14.78,11,42,14.72,14.79,12,119,14.71,14.8,36,66,"(13,)",0,0,0,0,0.0,727,185843203.125,2,21,20260204,20080123,185843203.125,12300000.0,-307800195.3125,3800831250.0,0.0,0.0,-1199.99997317791,40075952500.0,11631490000.0,4024818125.0,1620245937.5,17877.0,24601815000.0,1266851953.125,4564940000.0,3598373125.0,4436634062.5,2996908125.0,6352288125.0,-231915000.0,0.0,-719218984.375,-650696015.625,1638870000.0,-269256015.625,-265009003.90625,-219296992.1875,-4327190937.5,1.9359999895095823,9.0,185843203.125,1,2741187246.09375,2741187246.09375,1.0,True,True,True
0,002211,368,3.64,3.67,3.68,3.72,3.63,11:07:14.022,11072337,-364,32986,5,12082366.0,17953,15033,0,872,3.63,3.64,2132,561,3.62,3.65,1444,560,3.61,3.66,1325,1039,3.6,3.67,1121,1198,3.59,3.68,824,1191,"(12,)",0,0,0,0,0.28,368,432475781.25,16,19,20251029,20080201,432475781.25,12260000.0,-180559707.03125,2222514843.75,0.0,0.0,-199.99999552965164,3797659062.5,2865645000.0,443543007.8125,212166992.1875,26340.0,3153444062.5,0.0,10273513125.0,135678007.8125,3275056875.0,3002186875.0,266584003.90625,-28521999.51171875,255000.0,186943007.8125,249162988.28125,387193007.8125,-105920996.09375,-106537001.953125,-106537001.953125,-14751537500.0,0.0309999994933605,9.0,432475781.25,1,1574211843.75,1574211843.75,1.0,True,True,True
0,002224,811,4.68,4.7,4.71,4.72,4.66,11:08:09.798,11081633,-468,99131,49,46488468.0,45384,53747,0,1884,4.67,4.68,4898,864,4.66,4.69,5064,7876,4.65,4.7,2584,2794,4.64,4.71,1678,4627,4.63,4.72,1775,4219,"(12,)",0,0,0,0,0.0,811,806380390.625,28,19,20260205,20080425,902116328.125,12290000.0,509791406.25,5867110000.0,0.0,0.0,399.9999910593033,42016405000.0,20693481250.0,8704384375.0,2444276875.0,47550.0,6870286250.0,12860000.0,10232468125.0,32412750000.0,7143036875.0,5595485000.0,1186207031.25,406380000.0,-17080999.755859375,-632928984.375,1216142031.25,4286764062.5,394321015.625,281974003.90625,276511015.625,11786132500.0,3.5929999351501465,9.0,806380390.625,1,3773860228.125,3773860228.125,1.0,True,True,True
0,002234,591,9.32,9.38,9.38,9.38,9.28,11:08:07.014,11081169,-932,20042,16,18678960.0,11550,8492,0,628,9.31,9.32,80,106,9.3,9.33,318,160,9.29,9.34,86,100,9.28,9.35,688,221,9.27,9.36,872,625,"(12,)",0,0,0,0,0.11,591,301408593.75,15,17,20251025,20080516,348960195.3125,10030000.0,-2172270937.5,15762081250.0,0.0,0.0,-6600.000262260437,37045462500.0,12490460000.0,17385497500.0,1055988984.375,30439.0,16288081250.0,-198282988.28125,13817942500.0,18079412500.0,15443418750.0,14898517500.0,732016015.625,-2345138125.0,-190300996.09375,981182031.25,384245000.0,5718781875.0,-2336115000.0,-2336560000.0,-2303500937.5,-1834767031.25,5.181000232696533,9.0,301408593.75,1,2809128093.75,2809128093.75,1.0,True,True,True
0,002247,1156,3.08,3.02,3.05,3.09,3.0,11:08:10.758,11081793,-308,177607,27,54171480.0,88456,89151,0,11956,3.08,3.09,3107,2800,3.07,3.1,1585,2902,3.06,3.11,1475,2682,3.05,3.12,2625,4067,3.04,3.13,4602,794,"(13,)",0,0,0,0,0.33,1156,643540703.125,28,38,20251028,20080612,850870078.125,12220000.0,2205310312.5,6284179375.0,0.0,0.0,500.0000074505806,9505203125.0,5718082500.0,2498370000.0,671665000.0,25737.0,2624461875.0,37311999.51171875,30241745000.0,6654380000.0,5879120000.0,4561712187.5,1964592968.75,461506992.1875,12315000.0,17533000.48828125,-1065421015.625,901561015.625,453808984.375,409835000.0,421656992.1875,-32669320000.0,0.7820000052452087,9.0,643540703.125,1,1982105365.625,1982105365.625,0.95,True,True,True
0,002269,1077,1.92,1.91,1.91,1.93,1.89,11:08:11.454,11081909,-192,351319,12,67330336.0,135793,215527,0,2428,1.92,1.93,11873,110948,1.91,1.94,72467,46885,1.9,1.95,65691,50928,1.89,1.96,54727,26218,1.88,1.97,41378,13934,"(4941,)",0,0,0,0,0.0,1077,2512500000.0,16,41,20251031,20080828,2512500000.0,12180000.0,518205781.25,5250704375.0,0.0,0.0,-299.99999329447746,18605501250.0,6733146875.0,1353425000.0,34917998.046875,105852.0,14089897500.0,0.0,1799071093.75,1879722031.25,3291634062.5,1946128906.25,894682968.75,-677727031.25,0.0,-1533363906.25,-288112011.71875,2980051875.0,-689843984.375,-689843984.375,-689843984.375,-32789875000.0,0.0750000029802322,9.0,2512500000.0,1,4824000000.0,4824000000.0,0.9,True,True,True
0,002282,629,7.85,7.85,7.86,7.88,7.8,11:08:06.096,11081016,-785,23135,3,18151142.0,12274,10861,0,1360,7.83,7.85,769,230,7.82,7.86,559,172,7.81,7.87,438,171,7.8,7.88,473,648,7.79,7.89,106,1092,"(204,)",0,0,0,0,0.13,629,505007695.3125,11,26,20260203,20090821,526838398.4375,12300000.0,1647512343.75,12476738750.0,0.0,0.0,3000.0001192092896,40022587500.0,21088505000.0,5371953125.0,1146041015.625,23347.0,3230940000.0,0.0,20456576250.0,36196080000.0,12737847500.0,9267061250.0,5058650000.0,1828413125.0,22320000.0,686007968.75,-400941992.1875,4737015000.0,1814948125.0,1556373125.0,1556373125.0,9199325000.0,6.869999885559082,9.0,505007695.3125,1,3964310408.203125,3964310408.203125,1.0,True,True,True
0,002303,1083,4.25,4.2,4.2,4.25,4.2,11:08:10.056,11081676,-425,111760,255,47279748.0,39064,72696,0,2268,4.24,4.25,4744,7637,4.23,4.26,6086,7487,4.22,4.27,4370,9690,4.21,4.28,4871,10337,4.2,4.29,8267,5565,"(12,)",0,0,0,0,0.24,1083,966937031.25,18,38,20251028,20091103,1531323750.0,12220000.0,2187366875.0,29436322500.0,0.0,0.0,1700.0000178813934,73153010000.0,34808977500.0,14996706250.0,2755070000.0,55554.0,24054630000.0,603195000.0,12425375000.0,45232910000.0,30002295000.0,21840565000.0,11826231250.0,3119671250.0,3136000.061035156,2222238125.0,1268087031.25,3634523750.0,3137406875.0,2622908125.0,2601340937.5,7781490000.0,2.9539999961853027,9.0,966937031.25,1,4109482382.8125,4109482382.8125,1.0,True,True,True
0,002305,318,2.18,2.18,2.18,2.19,2.16,11:08:11.298,11081883,-218,72494,67,15749758.0,53119,19375,0,1155,2.17,2.18,19431,36979,2.16,2.19,21752,10683,2.15,2.2,14328,11583,2.14,2.21,10929,13708,2.13,2.22,9064,12379,"(12,)",0,0,0,0,0.46,318,1734103281.25,19,11,20251030,20091106,1734215781.25,20700000.0,-2345941875.0,18572267500.0,0.0,0.0,-7599.999904632568,197225100000.0,124299740000.0,4371359062.5,17660000.0,43284.0,180959480000.0,10787047500.0,12977488750.0,-30632080000.0,10138503125.0,13719445000.0,2106414062.5,-13974506250.0,-1340598125.0,2027675937.5,-859045000.0,91731890000.0,-13932617500.0,-14146832500.0,-13100592500.0,-63603045000.0,-1.7660000324249268,9.0,1734103281.25,1,3780345153.1250005,3780345153.1250005,1.0,True,True,True
0,002313,927,10.11,10.02,10.02,10.18,10.0,11:08:04.740,11080790,-1011,30508,2,30878868.0,14100,16408,0,1313,10.1,10.11,280,42,10.09,10.12,166,176,10.08,10.13,385,154,10.07,10.14,232,216,10.06,10.15,253,279,"(12,)",0,0,0,0,-0.09,927,374373710.9375,18,24,20251027,20091203,374400000.0,12390000.0,-794212734.375,23127920000.0,0.0,0.0,-1500.0000596046448,30258377500.0,19580220000.0,1349861093.75,2287731093.75,55598.0,24569115000.0,-48326997.0703125,20577340000.0,133793994.140625,20069861250.0,16693687500.0,7651603125.0,-274106015.625,-15765000.0,1795392031.25,-13236999.51171875,3164871250.0,-506373007.8125,-547105000.0,-547950976.5625,-23054122500.0,0.0359999984502792,9.0,374373710.9375,1,3784918217.578125,3784918217.578125,1.0,True,True,True
0,002322,1174,13.5,13.72,13.49,13.62,13.34,11:08:04.506,11080751,-1350,49151,43,66409732.0,29225,19926,0,34575,13.5,13.51,45,60,13.49,13.52,108,9,13.48,13.53,71,16,13.47,13.54,189,11,13.46,13.55,122,25,"(13,)",0,0,0,0,-0.29,1174,351399687.5,28,24,20260113,20091218,365528007.8125,18650000.0,1865728125.0,6113166875.0,0.0,0.0,3899.999856948853,30875985000.0,11324927500.0,2881755000.0,138585000.0,26135.0,3051546250.0,-1986000.061035156,16794805000.0,27769980000.0,6149832500.0,1932481093.75,4683585937.5,1457542968.75,68060996.09375,2316245000.0,-1082065000.0,1775706093.75,1462979062.5,1376380000.0,1376380937.5,8486963125.0,7.323999881744385,9.0,351399687.5,1,4743895781.25,4743895781.25,1.0,True,True,True
0,002327,584,7.09,7.1,7.09,7.11,7.04,11:08:06.552,11081092,-709,14345,3,10167837.0,5838,8507,0,908,7.09,7.1,1341,1574,7.08,7.11,126,979,7.07,7.12,457,1545,7.06,7.13,1073,136,7.05,7.14,1153,872,"(13,)",0,0,0,0,0.0,584,490947695.3125,18,15,20260106,20091230,838245468.75,12170000.0,2931913750.0,18869960000.0,0.0,0.0,1899.999976158142,45640260000.0,22941755000.0,11200365000.0,905067968.75,32301.0,9452618125.0,0.0,1183942968.75,34737845000.0,16265936250.0,7559300000.0,2415365937.5,2154272031.25,74445000.0,4011646250.0,-1721265000.0,8319532500.0,2165443906.25,1597237968.75,1597237968.75,22990840000.0,4.144000053405762,9.0,490947695.3125,1,3480819159.765625,3480819159.765625,1.0,True,True,True
0,002329,960,3.91,3.94,3.93,3.93,3.88,11:08:10.260,11081710,-391,114197,87,44549704.0,59223,54974,1,2016,3.9,3.91,5155,1621,3.89,3.92,4852,4918,3.88,3.93,4806,3469,3.87,3.94,6235,5284,3.86,3.95,3845,7855,"(12,)",0,0,0,0,0.0,960,650388906.25,10,14,20251029,20100106,832403984.375,12140000.0,-146555000.0,15099575000.0,0.0,0.0,-599.9999865889549,46366510000.0,18356817500.0,13152126250.0,1276985000.0,64519.0,23302140000.0,1147205000.0,11696261250.0,8850436250.0,13141726250.0,10009496250.0,4051030000.0,-420287031.25,3502999.8779296875,-262300000.0,-1343265937.5,3148844062.5,-437939023.4375,-530371015.625,-492447031.25,-11006572500.0,1.0740000009536743,9.0,650388906.25,1,2543020623.4375,2543020623.4375,0.8,True,True,True
0,002330,941,5.34,5.36,5.35,5.38,5.29,11:08:09.402,11081567,-534,81993,5,43812904.0,48427,33566,0,6120,5.33,5.34,2216,788,5.32,5.35,2101,1290,5.31,5.36,1033,1278,5.3,5.37,1199,1741,5.29,5.38,743,2368,"(140,)",0,0,0,0,0.0,941,635178710.9375,15,14,20260203,20100106,635315312.5,12130000.0,66301098.6328125,20817201250.0,0.0,0.0,99.99999776482582,35341155000.0,17627398750.0,12163981250.0,1860572031.25,36746.0,11116772500.0,-82515000.0,13282326250.0,22907940000.0,23928870000.0,21930935000.0,2244475937.5,81546000.9765625,-1383999.9389648438,-311907011.71875,-1488674062.5,4331795000.0,71993999.0234375,96828007.8125,54037998.046875,3191553750.0,3.6059999465942383,9.0,635178710.9375,1,3391854316.40625,3391854316.40625,0.9,True,True,True
0,002333,869,6.28,6.34,6.46,6.47,6.27,11:08:08.838,11081473,-628,47671,4,30095388.0,27215,20456,0,7184,6.27,6.29,329,471,6.26,6.3,956,107,6.25,6.31,738,39,6.24,6.32,274,209,6.23,6.33,125,453,"(12,)",0,0,0,0,-0.31,869,652563085.9375,26,36,20260203,20100112,674924765.625,12320000.0,447731406.25,12029747500.0,0.0,0.0,700.0000029802322,31904670000.0,20020737500.0,6503138125.0,862576953.125,18464.0,11414907500.0,268229003.90625,7673288125.0,19139587500.0,11807897500.0,10189363125.0,7256838125.0,523678984.375,14499000.244140623,-993591015.625,-1094361015.625,3460153125.0,515143984.375,449745000.0,439922031.25,3663490000.0,2.8359999656677246,9.0,652563085.9375,1,4098096179.6875,4098096179.6875,1.0,True,True,True
0,002337,989,6.86,6.82,6.82,6.9,6.79,11:08:04.890,11080815,-686,60925,50,41692848.0,28886,32039,0,955,6.85,6.86,152,756,6.84,6.87,1056,457,6.83,6.88,1498,759,6.82,6.89,1064,1242,6.81,6.9,1456,2645,"(716,)",0,0,0,0,0.15,989,587996484.375,9,26,20251029,20100115,588615703.125,12350000.0,461728085.9375,6072958750.0,0.0,0.0,799.9999821186066,20630722500.0,18129897500.0,1591634062.5,253265000.0,50639.0,6650363125.0,698881953.125,4376376250.0,13168250000.0,4945171250.0,3384251875.0,3568326875.0,604999023.4375,11655000.0,-754875937.5,114387001.953125,5462816250.0,605087031.25,496387031.25,496847031.25,2094032968.75,2.236999988555908,9.0,587996484.375,1,4033655882.8125,4033655882.8125,0.95,True,True,True
0,002343,1972,8.39,8.0,8.16,8.45,7.97,11:08:07.572,11081262,-839,577984,566,474230528.0,266076,311909,0,100686,8.38,8.39,207,76,8.37,8.4,665,710,8.36,8.41,377,475,8.35,8.42,433,589,8.34,8.43,423,519,"(4237,)",0,0,0,0,-0.58,1972,473680312.5,22,18,20260202,20100126,473680312.5,27870000.0,114089199.21875,525651484.375,0.0,0.0,-599.9999865889549,17644931250.0,14561873750.0,7104000.244140625,1328000.030517578,42356.0,6329713125.0,-77077001.953125,8520811250.0,9623592500.0,1925780000.0,1785720000.0,3873173750.0,-364471992.1875,4638000.183105469,-1085145000.0,-561465000.0,8079005000.0,-309662011.71875,-275624003.90625,-274062988.28125,-5266145000.0,2.026000022888184,9.0,473680312.5,1,3974177821.8750005,3974177821.8750005,0.7,True,True,True
0,002360,939,5.42,5.38,5.41,5.45,5.35,11:08:09.354,11081559,-542,61801,6,33357608.0,30630,31172,0,2245,5.42,5.43,126,262,5.41,5.44,133,1363,5.4,5.45,451,2744,5.39,5.46,847,1031,5.38,5.47,772,646,"(4109,)",0,0,0,0,-0.17,939,327522207.03125,17,19,20260203,20100303,401774296.875,12260000.0,393066406.25,4165843125.0,0.0,0.0,-199.99999552965164,45671755000.0,6386417500.0,3793057812.5,1933236875.0,20342.0,16552311250.0,-75416997.0703125,928595000.0,19993692500.0,3310800000.0,2089510000.0,1241501953.125,-93849003.90625,54435000.0,514921015.625,-1071778046.875,369923984.375,-68821997.0703125,-163657998.046875,-99369003.90625,12540022500.0,4.97599983215332,9.0,327522207.03125,1,1775170362.109375,1775170362.109375,0.85,True,True,True
0,002374,1149,3.69,3.69,3.69,3.72,3.61,11:08:08.592,11081432,-369,214638,85,78597432.0,110621,104017,0,7819,3.69,3.7,2360,2789,3.68,3.71,587,5062,3.67,3.72,1624,4568,3.66,3.73,1351,2323,3.65,3.74,2398,2084,"(13,)",0,0,0,0,-0.26,1149,1085209296.875,15,46,20260202,20100318,1085209296.875,12330000.0,-826682812.5,4593080000.0,0.0,0.0,-900.0000357627869,32026445000.0,20976595000.0,4370548125.0,533306015.625,57592.0,18105486250.0,-599121015.625,20629687500.0,8426452500.0,4030928750.0,3512970000.0,16116697500.0,-985842968.75,-20746999.51171875,250378007.8125,-312195000.0,1317757031.25,-1004275000.0,-976420000.0,-944370000.0,-23210335000.0,0.7760000228881836,9.0,1085209296.875,1,4004422305.46875,4004422305.46875,0.75,True,True,True
0,002381,705,7.12,7.13,7.14,7.16,7.04,11:08:06.534,11081089,-712,19606,6,13974613.0,9410,10196,0,1799,7.12,7.13,39,1696,7.11,7.14,335,772,7.1,7.15,408,847,7.09,7.16,191,933,7.08,7.17,134,579,"(13,)",0,0,0,0,-0.13,705,320396601.5625,28,19,20260105,20100402,411577812.5,12290000.0,1396161562.5,19342431250.0,0.0,0.0,1299.9999523162842,37925170000.0,22043852500.0,10217793125.0,1991859062.5,23357.0,9428356250.0,92707998.046875,5680476250.0,21457672500.0,19613751250.0,16557970000.0,8627585000.0,719118046.875,-23156000.9765625,1737942968.75,953917031.25,5057137812.5,714958984.375,510958007.8125,536641992.1875,9388402500.0,5.1570000648498535,9.0,320396601.5625,1,2281223803.125,2281223803.125,1.0,True,True,True
0,002391,873,6.45,6.45,6.46,6.55,6.42,11:08:08.736,11081456,-645,46117,43,29826950.0,21087,25030,0,556,6.44,6.46,1383,953,6.43,6.47,1145,5016,6.42,6.48,827,112,6.41,6.49,1062,18,6.4,6.5,425,636,"(13,)",0,0,0,0,0.0,873,464120781.25,26,28,20260204,20100416,649592500.0,12260000.0,438434804.6875,26664910000.0,0.0,0.0,799.9999821186066,92687350000.0,35158895000.0,46084105000.0,2743230000.0,25494.0,36516245000.0,0.0,21402327500.0,42626750000.0,29684955000.0,25786467500.0,9749411875.0,573656992.1875,103305000.0,5697507500.0,556068007.8125,13137117500.0,446641992.1875,522933007.8125,522933007.8125,13385743750.0,6.561999797821045,9.0,464120781.25,1,2993579039.0625,2993579039.0625,1.0,True,True,True
0,002403,622,12.45,12.35,12.31,12.49,12.31,11:07:24.936,11074156,-1245,14333,23,17830524.0,5945,8389,0,788,12.45,12.46,43,38,12.44,12.47,353,125,12.43,12.48,56,333,12.42,12.49,125,119,12.4,12.5,88,647,"(4493,)",0,0,0,0,0.0,622,297161406.25,28,23,20251031,20100511,340638593.75,12330000.0,16605600.5859375,21138460000.0,0.0,0.0,-1700.0000178813934,47538930000.0,20834618750.0,13504150000.0,2917384062.5,47929.0,26028205000.0,-291515000.0,10199809375.0,16020998750.0,19538437500.0,13438431250.0,6956053125.0,-683013984.375,328596015.625,-341081015.625,-489024023.4375,8140665000.0,-700045000.0,-626335976.5625,-589855000.0,1272862968.75,4.703000068664551,9.0,297161406.25,1,3699659507.8125,3699659507.8125,1.0,True,True,True
0,002404,1188,7.5,7.42,7.44,7.54,7.36,11:08:08.106,11081351,-750,80430,10,60084776.0,37274,43156,0,5625,7.49,7.5,670,651,7.48,7.51,351,752,7.47,7.52,231,343,7.46,7.53,299,952,7.45,7.54,334,1188,"(12,)",0,0,0,0,0.0,1188,455787109.375,28,15,20251027,20100511,560051484.375,12180000.0,1518648593.75,36048552500.0,0.0,0.0,2700.0001072883606,35389525000.0,26121090000.0,3562612187.5,416366015.625,26297.0,14498987500.0,933688984.375,5583823125.0,19770945000.0,36330012500.0,31905690000.0,4549815000.0,2055285000.0,129989003.90625,617493007.8125,-1362447031.25,5890630000.0,2068890000.0,1609484062.5,1521504062.5,6428016250.0,3.5299999713897705,9.0,455787109.375,1,3418403320.3125,3418403320.3125,1.0,True,True,True
0,002406,1088,8.17,8.16,8.17,8.24,8.13,11:08:07.704,11081284,-817,50843,1,41619636.0,26908,23935,0,1103,8.16,8.17,2301,753,8.15,8.18,1845,1224,8.14,8.19,1408,1088,8.13,8.2,1421,1491,8.12,8.21,692,1384,"(12,)",0,0,0,0,0.0,1088,602212890.625,13,7,20260203,20100518,730225078.125,12360000.0,862145312.5,9557775625.0,0.0,0.0,1299.9999523162842,48846640000.0,27718835000.0,10137740625.0,3816517187.5,57320.0,6450718125.0,364641992.1875,17035370000.0,40120175000.0,10768357500.0,7979082500.0,4876835937.5,1341487031.25,135756005.859375,496771015.625,-598002968.75,5334463125.0,1274291015.625,989676953.125,953475937.5,13268395000.0,5.49399995803833,9.0,602212890.625,1,4920079316.40625,4920079316.40625,0.9,True,True,True
0,002425,1309,4.1,3.99,4.03,4.13,4.01,11:08:10.146,11081691,-410,295917,2,120384304.0,110288,185629,-1,9869,4.1,4.11,2083,1839,4.09,4.12,2144,1577,4.08,4.13,2290,4541,4.07,4.14,1771,3091,4.06,4.15,1414,7075,"(13,)",0,0,0,0,-0.48,1309,956060937.5,12,24,20260130,20100608,956665078.125,18640000.0,-956673515.625,3267606875.0,0.0,0.0,-1099.9999940395355,32873795000.0,6111230625.0,31898999.0234375,2201760000.0,48607.0,3207906875.0,318710000.0,27802095000.0,28919647500.0,4202810937.5,4153130937.5,3161773125.0,-1065946015.625,-154331992.1875,-147424003.90625,-1094530937.5,0.0,-1110221015.625,-1180230937.5,-1076169062.5,-10105805000.0,3.0230000019073486,9.0,956060937.5,1,3919849843.7499995,3919849843.7499995,0.95,True,True,True
0,002442,708,6.63,6.66,6.66,6.68,6.6,11:08:08.628,11081438,-663,42971,14,28546852.0,23210,19761,0,5821,6.63,6.64,1920,189,6.62,6.65,65,270,6.61,6.66,216,723,6.6,6.67,606,1312,6.59,6.68,534,1486,"(13,)",0,0,0,0,0.0,708,492564687.5,11,19,20260105,20100706,503289609.375,12260000.0,1121055937.5,31233955000.0,0.0,0.0,1199.99997317791,45146570000.0,26405987500.0,14321865000.0,3067627812.5,23561.0,13797761250.0,4399000.244140625,4995296250.0,18457062500.0,32409712500.0,29615252500.0,9794821250.0,617549023.4375,-40273999.0234375,475381015.625,-1187796953.125,5999998125.0,616081992.1875,608358007.8125,609958007.8125,7495259375.0,3.6440000534057617,9.0,492564687.5,1,3265703878.125,3265703878.125,1.0,True,True,True
0,002479,640,5.27,5.3,5.31,5.31,5.24,11:08:07.644,11081274,-527,61810,500,32553346.0,38971,22839,0,2023,5.26,5.27,1488,447,5.25,5.28,1836,1091,5.24,5.29,3329,1531,5.23,5.3,2097,1787,5.22,5.31,1528,755,"(1292,)",0,0,0,0,0.0,640,863072812.5,28,39,20251025,20100921,865000000.0,13440000.0,2590397812.5,35348700000.0,0.0,0.0,2800.000011920929,83026020000.0,24513652500.0,41711625000.0,2238270000.0,37241.0,31110325000.0,2207582968.75,15173605000.0,42141955000.0,38535147500.0,31613505000.0,1531020937.5,4291225000.0,80341997.0703125,4959387812.5,53584003.90625,9948322500.0,4225260000.0,3186275000.0,2433335937.5,14941698750.0,4.872000217437744,9.0,863072812.5,1,4548393721.875,4548393721.875,1.0,True,True,True
0,002480,689,6.38,6.31,6.31,6.4,6.3,11:08:08.778,11081463,-638,43832,10,27865630.0,21694,22138,0,196,6.37,6.38,526,1068,6.36,6.39,930,1804,6.35,6.4,1101,3808,6.34,6.41,651,948,6.33,6.42,363,1467,"(12,)",0,0,0,0,0.31,689,767717968.75,23,26,20260203,20100921,769168671.875,12340000.0,-2545553125.0,16767145000.0,0.0,0.0,-500.0000074505806,139922600000.0,56802510000.0,66524420000.0,6993988125.0,28736.0,57459905000.0,12536385000.0,17155687500.0,9643756250.0,10568670000.0,6643017500.0,20462856250.0,330587968.75,1294207968.75,2627726875.0,2963664062.5,3830723750.0,348343984.375,119241005.859375,-422916992.1875,-15622086250.0,1.253999948501587,9.0,767717968.75,1,4898040640.625,4898040640.625,1.0,True,True,True
0,002486,1101,3.29,3.26,3.25,3.3,3.24,11:08:10.632,11081772,-329,125947,76,41156796.0,60567,65380,1,3130,3.28,3.29,1270,6053,3.27,3.3,4308,8631,3.26,3.31,1860,2702,3.25,3.32,1411,3392,3.24,3.33,2328,3188,"(12,)",0,0,0,0,0.3,1101,820466875.0,16,41,20251031,20101015,824283125.0,12180000.0,170223808.59375,8871846875.0,0.0,0.0,599.9999865889549,12985813750.0,7193855000.0,2766435937.5,126805000.0,49540.0,1592125000.0,44922001.953125,0.0,10837613750.0,9181500000.0,7048772500.0,1172716015.625,635566015.625,71183002.9296875,1361105937.5,646800976.5625,2394907968.75,621085976.5625,568387968.75,519958007.8125,3236610000.0,1.315000057220459,9.0,820466875.0,1,2699336018.75,2699336018.75,1.0,True,True,True
0,002494,976,5.92,5.89,5.89,5.94,5.85,11:08:09.054,11081509,-592,51619,60,30476082.0,22466,29153,0,4765,5.92,5.93,211,530,5.91,5.94,1009,1133,5.9,5.95,367,1507,5.89,5.96,280,1088,5.88,5.97,341,1022,"(13,)",0,0,0,0,0.17,976,286770390.625,11,41,20260122,20101102,377310703.125,12190000.0,27694499.51171875,3442025312.5,0.0,0.0,-99.99999776482582,14900343750.0,6871036250.0,2300870000.0,231385000.0,24061.0,1665639062.5,-212643984.375,11993063750.0,12261767500.0,2406260937.5,1635162968.75,403613984.375,-56758002.9296875,0.0,-140530000.0,-81291997.0703125,4549985000.0,-58415996.09375,-44097001.953125,-44092001.953125,-3908112187.5,3.25,9.0,286770390.625,1,1697680712.5,1697680712.5,0.8,True,True,True
0,002495,951,2.84,2.82,2.82,2.84,2.79,11:08:10.902,11081817,-284,136573,12,38461256.0,62430,74144,1,1765,2.83,2.84,589,11299,2.82,2.85,4590,13032,2.81,2.86,6352,5635,2.8,2.87,8467,5498,2.79,2.88,4025,3184,"(6284,)",0,0,0,0,0.0,951,700773515.625,12,14,20260203,20101102,935625625.0,12140000.0,158984804.6875,1857867968.75,0.0,0.0,99.99999776482582,11950620000.0,4066090000.0,5526220000.0,280066992.1875,41284.0,380170000.0,-10441999.51171875,549526992.1875,10974238750.0,1774615000.0,1208357968.75,4866000.061035156,119531992.1875,0.0,313329003.90625,-161635996.09375,770275000.0,126816005.859375,104970996.09375,111412001.953125,943758984.375,1.1729999780654907,9.0,700773515.625,1,1990196784.375,1990196784.375,1.0,True,True,True
0,002520,1087,6.11,6.1,6.1,6.13,6.05,11:08:03.540,11080590,-611,81260,9,49551336.0,42927,38334,-1,2397,6.11,6.12,225,3904,6.1,6.13,2349,2505,6.09,6.14,2346,1526,6.08,6.15,2181,2945,6.07,6.16,1276,1381,"(5325,)",0,0,0,0,0.0,1087,717440234.375,28,26,20251031,20101210,750245234.375,12340000.0,-661773515.625,14544530000.0,0.0,0.0,-3600.0001430511475,24991552500.0,19618555000.0,3477201250.0,822888984.375,80671.0,21599947500.0,17689000.244140625,23989480000.0,2570496093.75,8735511875.0,8014467500.0,1324486093.75,-2592924062.5,2221525000.0,2902225000.0,327282011.71875,13074917500.0,-2593438125.0,-2671380937.5,-2667147187.5,-29508512500.0,0.3429999947547912,9.0,717440234.375,1,4383559832.03125,4383559832.03125,0.95,True,True,True
0,002521,515,8.63,8.61,8.6,8.69,8.55,11:07:54.828,11079138,-863,18228,120,15726370.0,9034,9194,0,1006,8.63,8.64,662,421,8.62,8.65,167,492,8.61,8.66,221,209,8.6,8.67,199,418,8.59,8.68,251,800,"(13,)",0,0,0,0,-0.11,515,418407890.625,15,38,20251015,20101210,560061093.75,12220000.0,1064334687.5,25514915000.0,0.0,0.0,1800.0000715255735,53947550000.0,30399470000.0,14830623750.0,1116661015.625,18203.0,13790693750.0,27848000.48828125,20666662500.0,38947252500.0,25302465000.0,22325662500.0,7748911250.0,1322630937.5,9840000.0,3394118125.0,-1871498125.0,6322385000.0,1320620937.5,1040567031.25,1023682031.25,10873611250.0,6.953999996185303,9.0,418407890.625,1,3610860096.0937505,3610860096.0937505,1.0,True,True,True
0,002529,171,6.92,6.92,6.92,6.94,6.86,11:07:19.254,11073209,-692,12164,39,8390344.0,6684,5480,0,35,6.91,6.92,306,15,6.9,6.93,391,552,6.89,6.94,172,453,6.88,6.95,602,466,6.87,6.96,844,255,"(13,)",0,0,0,0,-0.13,171,260000000.0,22,26,20260205,20101224,260000000.0,12340000.0,-419677695.3125,1227893828.125,0.0,0.0,-3499.999940395355,7962720000.0,2528511875.0,3010724062.5,202417011.71875,19000.0,4709650000.0,0.0,11631161250.0,1933290000.0,2776874062.5,2855048125.0,1124015000.0,-888232968.75,-113947998.046875,94660996.09375,37995000.0,904036015.625,-903667031.25,-903662968.75,-903662968.75,-12684820000.0,0.7440000176429749,9.0,260000000.0,1,1799200000.0,1799200000.0,0.95,True,True,True
